timestamp,price,qty
2025-06-01 15:03:01,104172.5,0.001
2025-06-01 15:03:02,104172.6,0.002
2025-06-01 15:03:03,104172.5,0.014
2025-06-01 15:03:04,104172.5,0.002
2025-06-01 15:03:05,104172.6,0.002
2025-06-01 15:03:06,104172.5,0.028
2025-06-01 15:03:07,104172.6,0.005
2025-06-01 15:03:08,104172.6,0.005
2025-06-01 15:03:09,104162.4,0.002
2025-06-01 15:03:10,104162.3,0.002
2025-06-01 15:03:11,104162.3,0.002
2025-06-01 15:03:12,104162.4,0.003
2025-06-01 15:03:13,104162.3,0.004
2025-06-01 15:03:14,104162.3,0.002
2025-06-01 15:03:15,104162.4,0.015
2025-06-01 15:03:16,104162.3,0.002
2025-06-01 15:03:17,104162.3,0.002
2025-06-01 15:03:18,104162.3,0.002
2025-06-01 15:03:19,104162.3,0.001
2025-06-01 15:03:20,104162.3,0.002
2025-06-01 15:03:21,104162.4,0.041
2025-06-01 15:03:22,104162.4,0.005
2025-06-01 15:03:23,104162.3,0.02
2025-06-01 15:03:24,104162.3,0.002
2025-06-01 15:03:25,104162.3,0.002
2025-06-01 15:03:26,104162.4,0.005
2025-06-01 15:03:27,104162.4,0.001
2025-06-01 15:03:28,104162.3,0.002
2025-06-01 15:03:29,104162.3,0.006
2025-06-01 15:03:30,104162.3,0.002
2025-06-01 15:03:31,104162.3,0.061
2025-06-01 15:03:32,104161.9,0.009
2025-06-01 15:03:33,104161.9,0.079
2025-06-01 15:03:34,104152.1,0.002
2025-06-01 15:03:35,104152.1,0.001
2025-06-01 15:03:36,104152.1,0.002
2025-06-01 15:03:37,104152.2,0.005
2025-06-01 15:03:38,104152.2,0.05
2025-06-01 15:03:39,104152.1,0.002
2025-06-01 15:03:40,104152.1,0.002
2025-06-01 15:03:41,104152.2,0.009
2025-06-01 15:03:42,104152.1,0.002
2025-06-01 15:03:43,104152.1,0.004
2025-06-01 15:03:44,104152.2,0.001
2025-06-01 15:03:45,104152.1,0.002
2025-06-01 15:03:46,104152.2,0.005
2025-06-01 15:03:47,104152.1,0.002
2025-06-01 15:03:48,104152.1,0.002
2025-06-01 15:03:49,104152.2,0.011
2025-06-01 15:03:50,104152.1,0.002
2025-06-01 15:03:51,104152.1,0.02
2025-06-01 15:03:52,104152.1,0.001
2025-06-01 15:03:53,104152.1,0.032
2025-06-01 15:03:54,104152.2,0.001
2025-06-01 15:03:55,104152.1,0.001
2025-06-01 15:03:56,104152.2,0.002
2025-06-01 15:03:57,104152.1,0.001
2025-06-01 15:03:58,104152.1,0.021
2025-06-01 15:03:59,104152.2,0.005
2025-06-01 15:04:00,104152.1,0.002
2025-06-01 15:04:01,104152.2,0.006
2025-06-01 15:04:02,104152.1,0.002
2025-06-01 15:04:03,104152.1,0.01
2025-06-01 15:04:04,104152.2,0.004
2025-06-01 15:04:05,104152.1,0.002
2025-06-01 15:04:06,104152.1,0.002
2025-06-01 15:04:07,104152.1,0.002
2025-06-01 15:04:08,104152.1,0.002
2025-06-01 15:04:09,104152.1,0.002
2025-06-01 15:04:10,104152.1,0.002
2025-06-01 15:04:11,104152.2,0.003
2025-06-01 15:04:12,104152.1,0.002
2025-06-01 15:04:13,104152.2,0.001
2025-06-01 15:04:14,104152.1,0.014
2025-06-01 15:04:15,104152.1,0.002
2025-06-01 15:04:16,104152.1,0.002
2025-06-01 15:10:12,104179.4,0.017
2025-06-01 15:10:13,104179.4,0.005
2025-06-01 15:10:14,104179.4,0.026
2025-06-01 15:10:15,104179.3,0.001
2025-06-01 15:10:16,104179.4,0.019
2025-06-01 15:10:17,104179.4,0.002
2025-06-01 15:10:18,104179.3,0.002
2025-06-01 15:10:19,104179.3,0.001
2025-06-01 15:10:20,104179.3,0.001
2025-06-01 15:10:21,104179.4,0.034
2025-06-01 15:10:22,104179.3,0.013
2025-06-01 15:10:23,104179.4,0.117
2025-06-01 15:10:24,104179.4,0.028
2025-06-01 15:10:25,104179.3,0.001
2025-06-01 15:10:26,104170.5,0.003
2025-06-01 15:10:27,104170.4,0.001
2025-06-01 15:10:28,104170.5,0.001
2025-06-01 15:10:29,104170.4,0.048
2025-06-01 15:10:31,104170.4,0.123
2025-06-01 15:10:32,104170.5,0.047
2025-06-01 15:10:33,104170.4,0.005
2025-06-01 15:10:34,104170.5,0.001
2025-06-01 15:10:35,104170.4,0.028
2025-06-01 15:10:36,104170.4,0.003
2025-06-01 15:10:37,104170.5,0.01
2025-06-01 15:10:38,104170.5,0.04
2025-06-01 15:10:39,104170.5,0.2
2025-06-01 15:10:40,104170.5,0.157
2025-06-01 15:10:41,104170.4,0.001
2025-06-01 15:10:42,104170.4,0.004
2025-06-01 15:10:43,104170.5,0.003
2025-06-01 15:10:44,104170.5,0.033
2025-06-01 15:10:45,104170.5,0.001
2025-06-01 15:10:46,104170.5,0.028
2025-06-01 15:10:47,104170.4,0.073
2025-06-01 15:10:48,104179.4,0.056
2025-06-01 15:10:49,104180.1,0.029
2025-06-01 15:10:50,104180.0,0.002
2025-06-01 15:10:52,104180.0,0.001
2025-06-01 15:10:53,104180.1,0.002
2025-06-01 15:10:54,104180.1,0.025
2025-06-01 15:10:55,104180.0,0.197
2025-06-01 15:10:56,104180.1,0.078
2025-06-01 15:10:57,104180.1,0.001
2025-06-01 15:10:58,104186.7,0.006
2025-06-01 15:10:59,104186.6,0.004
2025-06-01 15:11:00,104186.7,0.001
2025-06-01 15:11:01,104186.7,0.241
2025-06-01 15:11:02,104186.6,0.005
2025-06-01 15:11:03,104186.7,0.002
2025-06-01 15:11:04,104186.7,0.006
2025-06-01 15:11:05,104186.6,0.003
2025-06-01 15:11:06,104186.7,0.019
2025-06-01 15:11:07,104186.7,0.243
2025-06-01 15:11:08,104186.7,0.064
2025-06-01 15:11:09,104186.7,0.001
2025-06-01 15:11:10,104186.7,0.004
2025-06-01 15:11:11,104186.6,0.001
2025-06-01 15:11:12,104186.6,0.001
2025-06-01 15:11:13,104186.7,0.149
2025-06-01 15:11:14,104186.7,0.015
2025-06-01 15:11:15,104186.7,0.062
2025-06-01 15:11:16,104186.7,0.11
2025-06-01 15:11:17,104186.6,0.009
2025-06-01 15:11:18,104186.6,0.002
2025-06-01 15:11:19,104186.6,0.027
2025-06-01 15:11:20,104186.7,0.001
2025-06-01 15:11:21,104191.8,0.008
2025-06-01 15:11:22,104191.7,0.003
2025-06-01 15:11:23,104191.8,0.041
2025-06-01 15:11:24,104209.4,0.1
2025-06-01 15:11:25,104229.4,0.001
2025-06-01 15:11:26,104229.4,0.002
2025-06-01 15:11:27,104229.4,0.018
2025-06-01 15:11:28,104229.4,0.001
2025-06-01 15:11:29,104230.0,0.012
2025-06-01 15:11:30,104230.0,0.016
2025-06-01 15:11:31,104230.0,0.152
2025-06-01 15:11:32,104230.0,0.031
2025-06-01 15:11:33,104230.0,0.024
2025-06-01 15:11:34,104230.0,0.024
2025-06-01 15:11:35,104230.0,0.052
2025-06-01 15:11:36,104230.0,0.003
2025-06-01 15:11:37,104249.6,0.003
2025-06-01 15:11:38,104249.6,0.045
2025-06-01 15:11:39,104253.3,0.001
2025-06-01 15:11:40,104260.4,0.011
2025-06-01 15:11:41,104260.3,0.004
2025-06-01 15:11:42,104260.4,0.015
2025-06-01 15:11:43,104260.3,0.004
2025-06-01 15:11:44,104260.4,0.011
2025-06-01 15:11:45,104260.4,0.006
2025-06-01 15:11:46,104260.4,0.007
2025-06-01 15:11:47,104260.4,0.033
2025-06-01 15:11:48,104260.4,0.001
2025-06-01 15:11:49,104260.4,0.001
2025-06-01 15:11:50,104260.4,0.119
2025-06-01 15:11:51,104260.4,0.002
2025-06-01 15:11:52,104260.4,0.004
2025-06-01 15:11:53,104260.4,0.031
2025-06-01 15:11:54,104260.4,0.02
2025-06-01 15:11:55,104260.4,0.001
2025-06-01 15:11:56,104260.4,0.022
2025-06-01 15:11:57,104260.4,0.03
2025-06-01 15:11:58,104260.4,0.026
2025-06-01 15:11:59,104260.4,0.009
2025-06-01 15:12:00,104260.3,0.264
2025-06-01 15:12:01,104253.2,0.004
2025-06-01 15:12:02,104249.4,0.006
2025-06-01 15:12:03,104249.4,0.001
2025-06-01 15:12:04,104249.4,0.011
2025-06-01 15:12:05,104249.4,0.004
2025-06-01 15:12:06,104249.4,0.077
2025-06-01 15:12:07,104249.4,0.023
2025-06-01 15:12:08,104258.3,0.018
2025-06-01 15:12:09,104258.4,0.008
2025-06-01 15:12:10,104258.4,0.002
2025-06-01 15:12:11,104258.3,0.001
2025-06-01 15:12:12,104258.4,0.002
2025-06-01 15:12:13,104258.4,0.057
2025-06-01 15:12:14,104258.4,0.006
2025-06-01 15:12:15,104258.4,0.023
2025-06-01 15:12:16,104258.4,0.001
2025-06-01 15:12:17,104258.4,0.002
2025-06-01 15:12:18,104258.4,0.002
2025-06-01 15:12:19,104258.4,0.007
2025-06-01 15:12:20,104258.4,0.422
2025-06-01 15:12:21,104258.4,0.001
2025-06-01 15:12:22,104258.4,0.011
2025-06-01 15:12:23,104258.4,0.013
2025-06-01 15:12:24,104258.4,0.007
2025-06-01 15:12:25,104258.4,0.016
2025-06-01 15:12:26,104258.4,0.003
2025-06-01 15:12:27,104258.3,0.001
2025-06-01 15:12:28,104258.3,0.001
2025-06-01 15:12:29,104258.3,0.004
2025-06-01 15:12:30,104258.4,0.002
2025-06-01 15:12:31,104258.4,0.01
2025-06-01 15:12:32,104258.4,0.001
2025-06-01 15:12:33,104258.4,0.01
2025-06-01 15:12:34,104258.4,0.025
2025-06-01 15:12:35,104260.0,0.009
2025-06-01 15:12:36,104260.0,0.373
2025-06-01 15:12:37,104261.4,0.01
2025-06-01 15:12:38,104261.4,0.002
2025-06-01 15:12:39,104261.4,0.023
2025-06-01 15:12:40,104265.6,0.01
2025-06-01 15:12:41,104269.1,0.007
2025-06-01 15:12:42,104269.1,0.045
2025-06-01 15:12:43,104274.3,0.029
2025-06-01 15:12:44,104274.3,0.664
2025-06-01 15:12:45,104274.3,0.043
2025-06-01 15:12:46,104274.3,0.008
2025-06-01 15:12:47,104274.2,0.002
2025-06-01 15:12:48,104274.3,0.136
2025-06-01 15:12:49,104274.3,0.002
2025-06-01 15:12:50,104274.3,0.016
2025-06-01 15:12:51,104274.3,0.034
2025-06-01 15:12:52,104274.2,0.049
2025-06-01 15:12:53,104274.3,0.001
2025-06-01 15:12:54,104274.2,0.043
2025-06-01 15:12:55,104274.3,0.019
2025-06-01 15:12:56,104274.2,0.009
2025-06-01 15:12:57,104274.3,0.019
2025-06-01 15:12:58,104274.3,0.004
2025-06-01 15:12:59,104274.2,0.01
2025-06-01 15:13:00,104262.8,0.001
2025-06-01 15:13:01,104258.1,0.001
2025-06-01 15:13:02,104258.1,0.006
2025-06-01 15:13:03,104258.1,0.734
2025-06-01 15:13:04,104258.1,0.026
2025-06-01 15:13:05,104258.0,0.004
2025-06-01 15:13:06,104258.0,0.001
2025-06-01 15:13:07,104258.0,0.001
2025-06-01 15:13:08,104258.0,0.007
2025-06-01 15:13:09,104258.0,0.119
2025-06-01 15:13:10,104258.1,0.606
2025-06-01 15:13:11,104258.0,0.001
2025-06-01 15:13:12,104258.0,0.01
2025-06-01 15:13:13,104258.1,0.012
2025-06-01 15:13:14,104258.1,0.01
2025-06-01 15:13:15,104258.1,0.002
2025-06-01 15:13:16,104258.1,0.006
2025-06-01 15:13:18,104258.0,0.001
2025-06-01 15:13:21,104258.1,0.046
2025-06-01 15:13:22,104258.1,0.003
2025-06-01 15:13:23,104258.1,0.038
2025-06-01 15:13:24,104258.0,0.001
2025-06-01 15:13:25,104258.0,0.001
2025-06-01 15:13:26,104258.1,0.005
2025-06-01 15:13:27,104258.1,0.086
2025-06-01 15:13:29,104258.0,0.003
2025-06-01 15:13:30,104258.1,0.02
2025-06-01 15:13:31,104258.1,0.008
2025-06-01 15:13:32,104258.0,0.505
2025-06-01 15:13:33,104258.1,0.004
2025-06-01 15:13:34,104258.0,0.025
2025-06-01 15:13:35,104258.1,0.03
2025-06-01 15:13:36,104258.0,0.004
2025-06-01 15:13:37,104258.1,0.001
2025-06-01 15:13:38,104258.1,0.007
2025-06-01 15:13:39,104258.0,0.002
2025-06-01 15:13:40,104258.1,0.003
2025-06-01 15:13:41,104258.0,0.029
2025-06-01 15:13:42,104258.0,0.004
2025-06-01 15:13:43,104258.0,0.024
2025-06-01 15:13:44,104258.1,0.063
2025-06-01 15:13:45,104258.1,0.072
2025-06-01 15:13:46,104258.0,0.02
2025-06-01 15:13:48,104258.1,0.01
2025-06-01 15:13:49,104258.0,0.001
2025-06-01 15:13:50,104258.1,0.026
2025-06-01 15:13:51,104258.1,0.001
2025-06-01 15:13:53,104258.1,0.001
2025-06-01 15:13:54,104258.0,0.023
2025-06-01 15:13:56,104258.1,0.01
2025-06-01 15:13:57,104258.0,0.003
2025-06-01 15:13:58,104258.1,0.001
2025-06-01 15:13:59,104258.1,0.001
2025-06-01 15:14:01,104258.1,0.003
2025-06-01 15:14:02,104258.1,0.046
2025-06-01 15:14:03,104258.1,0.004
2025-06-01 15:14:04,104258.1,0.001
2025-06-01 15:14:05,104258.1,0.258
2025-06-01 15:14:07,104258.1,0.055
2025-06-01 15:14:08,104258.1,0.288
2025-06-01 15:14:09,104258.1,0.008
2025-06-01 15:14:10,104258.1,0.008
2025-06-01 15:14:11,104258.1,0.022
2025-06-01 15:14:12,104258.1,0.027
2025-06-01 15:14:13,104258.1,0.01
2025-06-01 15:14:14,104258.0,0.006
2025-06-01 15:14:15,104258.1,0.001
2025-06-01 15:14:16,104258.1,0.092
2025-06-01 15:14:17,104258.0,0.016
2025-06-01 15:14:18,104258.0,0.001
2025-06-01 15:14:19,104258.0,0.019
2025-06-01 15:14:20,104257.8,0.008
2025-06-01 15:14:21,104257.8,0.008
2025-06-01 15:14:22,104257.8,0.008
2025-06-01 15:14:23,104257.8,0.008
2025-06-01 15:14:24,104257.8,0.007
2025-06-01 15:14:25,104257.7,0.005
2025-06-01 15:14:26,104257.7,0.006
2025-06-01 15:14:27,104257.8,0.007
2025-06-01 15:14:28,104257.8,0.001
2025-06-01 15:14:29,104257.8,0.007
2025-06-01 15:14:30,104257.8,0.007
2025-06-01 15:14:31,104257.8,0.007
2025-06-01 15:14:32,104257.8,0.007
2025-06-01 15:14:33,104257.7,0.018
2025-06-01 15:14:34,104257.8,0.003
2025-06-01 15:14:35,104257.8,0.007
2025-06-01 15:14:36,104257.8,0.007
2025-06-01 15:14:37,104257.8,0.007
2025-06-01 15:14:38,104257.7,0.01
2025-06-01 15:14:39,104257.7,0.019
2025-06-01 15:14:40,104251.2,0.019
2025-06-01 15:14:41,104251.2,0.007
2025-06-01 15:14:42,104251.2,0.001
2025-06-01 15:14:43,104251.2,0.016
2025-06-01 15:14:44,104251.1,0.002
2025-06-01 15:14:45,104251.1,0.001
2025-06-01 15:14:46,104251.2,0.006
2025-06-01 15:14:47,104251.2,0.001
2025-06-01 15:14:48,104251.2,0.006
2025-06-01 15:14:49,104251.2,0.001
2025-06-01 15:14:50,104251.2,0.058
2025-06-01 15:14:51,104251.2,0.006
2025-06-01 15:14:52,104251.1,0.001
2025-06-01 15:14:53,104251.2,0.132
2025-06-01 15:14:54,104251.2,0.087
2025-06-01 15:14:55,104251.2,0.006
2025-06-01 15:14:56,104251.2,0.006
2025-06-01 15:14:57,104251.2,0.075
2025-06-01 15:14:58,104257.8,0.03
2025-06-01 15:14:59,104260.2,0.008
2025-06-01 15:15:00,104260.2,0.08
2025-06-01 15:15:01,104266.2,0.001
2025-06-01 15:15:02,104269.9,0.001
2025-06-01 15:15:03,104270.0,0.077
2025-06-01 15:15:04,104286.2,0.01
2025-06-01 15:15:05,104286.2,0.026
2025-06-01 15:15:06,104286.1,0.011
2025-06-01 15:15:07,104286.1,0.007
2025-06-01 15:15:08,104295.0,0.191
2025-06-01 15:15:09,104294.9,0.007
2025-06-01 15:15:10,104295.0,0.069
2025-06-01 15:15:11,104295.0,0.005
2025-06-01 15:15:12,104295.0,0.004
2025-06-01 15:15:13,104295.0,0.006
2025-06-01 15:15:14,104294.9,0.524
2025-06-01 15:15:15,104294.7,0.033
2025-06-01 15:15:16,104294.7,0.002
2025-06-01 15:15:17,104294.7,0.009
2025-06-01 15:15:18,104294.6,0.026
2025-06-01 15:15:19,104294.7,0.047
2025-06-01 15:15:20,104294.7,0.006
2025-06-01 15:15:21,104294.7,0.006
2025-06-01 15:15:22,104294.7,0.006
2025-06-01 15:15:23,104294.6,0.127
2025-06-01 15:15:24,104294.7,0.01
2025-06-01 15:15:25,104294.6,0.001
2025-06-01 15:15:26,104294.7,0.001
2025-06-01 15:15:27,104294.7,0.127
2025-06-01 15:15:28,104294.7,0.006
2025-06-01 15:15:29,104294.7,0.006
2025-06-01 15:15:30,104294.7,0.042
2025-06-01 15:15:31,104294.7,0.007
2025-06-01 15:15:32,104294.7,0.011
2025-06-01 15:15:33,104294.7,0.211
2025-06-01 15:15:34,104294.6,0.001
2025-06-01 15:15:35,104294.7,0.003
2025-06-01 15:15:36,104294.6,0.005
2025-06-01 15:15:37,104294.7,0.05
2025-06-01 15:15:38,104294.7,0.496
2025-06-01 15:15:39,104294.7,0.151
2025-06-01 15:15:40,104294.6,0.005
2025-06-01 15:15:41,104294.7,0.006
2025-06-01 15:15:42,104294.7,0.006
2025-06-01 15:15:43,104294.7,0.043
2025-06-01 15:15:44,104294.7,0.002
2025-06-01 15:15:45,104294.7,0.006
2025-06-01 15:15:46,104294.7,0.028
2025-06-01 15:15:47,104294.7,0.021
2025-06-01 15:15:48,104294.7,0.006
2025-06-01 15:15:49,104294.7,0.058
2025-06-01 15:15:50,104294.7,0.001
2025-06-01 15:15:51,104294.7,0.002
2025-06-01 15:15:52,104294.7,0.007
2025-06-01 15:15:53,104299.1,0.001
2025-06-01 15:15:54,104299.0,0.002
2025-06-01 15:15:55,104299.1,0.002
2025-06-01 15:15:56,104299.1,0.203
2025-06-01 15:15:57,104300.0,0.001
2025-06-01 15:15:58,104308.0,0.001
2025-06-01 15:15:59,104313.3,0.03
2025-06-01 15:16:00,104313.3,0.099
2025-06-01 15:16:01,104313.3,0.009
2025-06-01 15:16:02,104304.4,0.002
2025-06-01 15:16:03,104304.4,0.1
2025-06-01 15:16:04,104304.4,0.01
2025-06-01 15:16:05,104304.4,0.017
2025-06-01 15:16:06,104304.4,0.028
2025-06-01 15:16:08,104304.4,0.007
2025-06-01 15:16:09,104296.7,0.002
2025-06-01 15:16:10,104296.6,0.001
2025-06-01 15:16:11,104301.6,0.001
2025-06-01 15:16:12,104304.3,0.002
2025-06-01 15:16:13,104304.4,0.003
2025-06-01 15:16:14,104304.4,0.002
2025-06-01 15:16:15,104304.4,0.014
2025-06-01 15:16:16,104304.4,0.023
2025-06-01 15:16:17,104304.4,0.004
2025-06-01 15:16:18,104304.4,0.01
2025-06-01 15:16:19,104304.4,0.005
2025-06-01 15:16:20,104304.3,0.001
2025-06-01 15:16:21,104304.4,0.082
2025-06-01 15:16:22,104304.4,0.003
2025-06-01 15:16:23,104304.4,0.019
2025-06-01 15:16:24,104304.4,0.064
2025-06-01 15:16:25,104304.3,0.001
2025-06-01 15:16:27,104304.4,0.002
2025-06-01 15:16:28,104304.3,0.004
2025-06-01 15:16:29,104304.3,0.005
2025-06-01 15:16:30,104304.4,0.003
2025-06-01 15:16:31,104304.4,0.006
2025-06-01 15:16:32,104304.4,0.013
2025-06-01 15:16:33,104304.4,0.003
2025-06-01 15:16:34,104304.3,0.001
2025-06-01 15:16:35,104304.4,0.018
2025-06-01 15:16:36,104304.4,0.001
2025-06-01 15:16:37,104304.4,0.003
2025-06-01 15:16:38,104304.4,0.001
2025-06-01 15:16:39,104304.4,0.019
2025-06-01 15:16:40,104304.4,0.041
2025-06-01 15:16:41,104304.4,0.086
2025-06-01 15:16:42,104304.3,0.005
2025-06-01 15:16:43,104304.4,0.006
2025-06-01 15:16:44,104304.4,0.001
2025-06-01 15:16:45,104304.3,0.007
2025-06-01 15:16:46,104304.4,0.009
2025-06-01 15:16:47,104301.0,0.561
2025-06-01 15:16:48,104301.0,0.002
2025-06-01 15:16:49,104301.0,0.004
2025-06-01 15:16:50,104301.1,0.003
2025-06-01 15:16:51,104301.0,0.004
2025-06-01 15:16:52,104301.0,0.003
2025-06-01 15:16:53,104301.0,0.019
2025-06-01 15:16:54,104301.0,0.001
2025-06-01 15:16:55,104301.1,0.001
2025-06-01 15:16:56,104307.0,0.078
2025-06-01 15:16:57,104311.7,0.002
2025-06-01 15:16:58,104311.7,0.002
2025-06-01 15:16:59,104311.6,0.002
2025-06-01 15:17:00,104311.7,0.001
2025-06-01 15:17:01,104311.7,0.012
2025-06-01 15:17:02,104311.7,0.008
2025-06-01 15:17:03,104311.6,0.006
2025-06-01 15:17:04,104311.7,0.03
2025-06-01 15:17:05,104311.7,0.028
2025-06-01 15:17:06,104311.7,0.002
2025-06-01 15:17:07,104311.7,0.018
2025-06-01 15:17:08,104311.7,0.013
2025-06-01 15:17:09,104311.7,0.009
2025-06-01 15:17:10,104311.7,0.005
2025-06-01 15:17:11,104311.7,0.027
2025-06-01 15:17:12,104313.3,0.026
2025-06-01 15:17:13,104320.0,0.019
2025-06-01 15:17:14,104319.9,0.002
2025-06-01 15:17:15,104320.0,0.06
2025-06-01 15:17:16,104320.0,0.135
2025-06-01 15:17:17,104319.9,0.001
2025-06-01 15:17:18,104320.0,0.011
2025-06-01 15:17:19,104319.9,0.184
2025-06-01 15:17:20,104324.7,0.016
2025-06-01 15:17:21,104317.1,0.001
2025-06-01 15:17:22,104317.2,0.001
2025-06-01 15:17:23,104317.2,0.86
2025-06-01 15:17:24,104317.2,0.023
2025-06-01 15:17:25,104317.2,0.002
2025-06-01 15:17:26,104317.2,0.003
2025-06-01 15:17:27,104317.2,0.097
2025-06-01 15:17:28,104317.1,0.003
2025-06-01 15:17:29,104317.2,0.019
2025-06-01 15:17:30,104317.2,0.009
2025-06-01 15:17:31,104317.2,0.141
2025-06-01 15:17:32,104317.2,0.006
2025-06-01 15:17:33,104317.2,0.003
2025-06-01 15:17:34,104317.2,0.181
2025-06-01 15:17:35,104317.2,0.5
2025-06-01 15:17:36,104317.2,0.002
2025-06-01 15:17:37,104317.2,0.003
2025-06-01 15:17:38,104317.1,0.002
2025-06-01 15:17:39,104317.1,0.01
2025-06-01 15:17:40,104317.2,0.003
2025-06-01 15:17:41,104317.2,0.004
2025-06-01 15:17:42,104317.2,0.02
2025-06-01 15:17:44,104317.2,0.005
2025-06-01 15:17:45,104317.2,0.015
2025-06-01 15:17:46,104317.2,0.008
2025-06-01 15:17:47,104317.2,0.095
2025-06-01 15:17:48,104317.2,0.004
2025-06-01 15:17:49,104317.2,0.058
2025-06-01 15:17:50,104317.2,0.019
2025-06-01 15:17:52,104317.2,0.015
2025-06-01 15:17:53,104317.2,0.009
2025-06-01 15:17:54,104317.1,0.006
2025-06-01 15:17:55,104317.2,0.002
2025-06-01 15:17:56,104317.1,0.008
2025-06-01 15:17:57,104317.1,0.011
2025-06-01 15:17:58,104317.2,0.001
2025-06-01 15:17:59,104317.1,0.001
2025-06-01 15:18:00,104317.1,0.011
2025-06-01 15:18:01,104317.2,0.035
2025-06-01 15:18:02,104324.7,0.02
2025-06-01 15:18:03,104324.8,0.015
2025-06-01 15:18:04,104324.8,0.04
2025-06-01 15:18:05,104324.8,0.004
2025-06-01 15:18:06,104324.8,0.006
2025-06-01 15:18:07,104324.8,0.029
2025-06-01 15:18:08,104324.7,0.215
2025-06-01 15:18:09,104324.8,0.002
2025-06-01 15:18:10,104324.7,0.367
2025-06-01 15:18:11,104324.7,0.008
2025-06-01 15:18:12,104324.8,0.002
2025-06-01 15:18:13,104324.8,0.003
2025-06-01 15:18:14,104324.8,0.199
2025-06-01 15:18:15,104324.8,0.05
2025-06-01 15:18:16,104324.8,0.002
2025-06-01 15:18:17,104324.8,0.013
2025-06-01 15:18:18,104324.8,0.006
2025-06-01 15:18:19,104324.8,0.003
2025-06-01 15:18:20,104317.5,0.168
2025-06-01 15:18:21,104305.8,0.04
2025-06-01 15:18:22,104305.8,1.0
2025-06-01 15:18:23,104305.7,0.001
2025-06-01 15:18:24,104301.2,0.016
2025-06-01 15:18:25,104301.1,0.003
2025-06-01 15:18:26,104301.2,0.001
2025-06-01 15:18:27,104301.1,0.001
2025-06-01 15:18:28,104301.2,0.001
2025-06-01 15:18:29,104301.1,0.012
2025-06-01 15:18:30,104301.2,0.335
2025-06-01 15:18:31,104301.1,0.011
2025-06-01 15:18:32,104301.2,0.003
2025-06-01 15:18:33,104301.1,0.549
2025-06-01 15:18:34,104301.2,0.002
2025-06-01 15:18:35,104301.2,0.002
2025-06-01 15:18:36,104300.1,0.064
2025-06-01 15:18:37,104300.1,0.001
2025-06-01 15:18:38,104300.1,0.003
2025-06-01 15:18:39,104300.0,0.202
2025-06-01 15:18:40,104300.0,0.002
2025-06-01 15:18:41,104300.1,0.003
2025-06-01 15:18:42,104300.0,0.1
2025-06-01 15:18:43,104300.0,0.001
2025-06-01 15:18:45,104300.0,0.033
2025-06-01 15:18:46,104300.0,0.111
2025-06-01 15:18:47,104300.0,0.05
2025-06-01 15:18:48,104300.1,0.448
2025-06-01 15:18:49,104300.1,0.185
2025-06-01 15:18:50,104300.0,0.001
2025-06-01 15:18:51,104300.1,0.532
2025-06-01 15:18:52,104300.1,0.002
2025-06-01 15:18:53,104300.1,0.006
2025-06-01 15:18:54,104300.0,0.007
2025-06-01 15:18:55,104300.0,0.145
2025-06-01 15:18:56,104300.0,0.003
2025-06-01 15:18:58,104300.1,0.007
2025-06-01 15:18:59,104300.1,0.103
2025-06-01 15:19:00,104300.0,0.019
2025-06-01 15:19:01,104300.0,0.009
2025-06-01 15:19:03,104300.0,0.077
2025-06-01 15:19:04,104300.0,0.001
2025-06-01 15:19:05,104300.1,0.002
2025-06-01 15:19:06,104300.1,0.002
2025-06-01 15:19:07,104300.1,0.006
2025-06-01 15:19:08,104300.1,0.003
2025-06-01 15:19:09,104300.0,0.003
2025-06-01 15:19:10,104300.0,0.009
2025-06-01 15:19:11,104300.0,0.001
2025-06-01 15:19:12,104300.1,0.095
2025-06-01 15:19:13,104300.0,0.083
2025-06-01 15:19:14,104300.0,0.005
2025-06-01 15:19:15,104289.9,0.002
2025-06-01 15:19:18,104289.9,0.006
2025-06-01 15:19:19,104289.8,0.008
2025-06-01 15:19:20,104289.8,0.043
2025-06-01 15:19:21,104289.8,0.194
2025-06-01 15:19:22,104289.8,0.001
2025-06-01 15:19:23,104289.9,0.01
2025-06-01 15:19:24,104289.8,0.001
2025-06-01 15:19:25,104289.8,0.054
2025-06-01 15:19:26,104289.9,0.023
2025-06-01 15:19:27,104289.8,0.001
2025-06-01 15:19:28,104289.8,0.001
2025-06-01 15:19:29,104289.8,0.5
2025-06-01 15:19:30,104289.9,0.011
2025-06-01 15:19:31,104289.8,0.003
2025-06-01 15:19:32,104289.8,0.007
2025-06-01 15:19:34,104289.9,0.018
2025-06-01 15:19:35,104289.8,0.001
2025-06-01 15:19:36,104289.8,0.012
2025-06-01 15:19:37,104289.9,0.038
2025-06-01 15:19:38,104289.9,0.002
2025-06-01 15:19:39,104289.8,0.002
2025-06-01 15:19:40,104289.8,0.004
2025-06-01 15:19:41,104289.9,0.003
2025-06-01 15:19:42,104289.8,0.071
2025-06-01 15:19:43,104289.8,0.076
2025-06-01 15:19:44,0.0,0.0
2025-06-01 15:19:45,104289.8,0.298
2025-06-01 15:19:46,104268.5,0.002
2025-06-01 15:19:47,104256.6,0.007
2025-06-01 15:19:48,104255.1,0.003
2025-06-01 15:19:49,104255.1,0.006
2025-06-01 15:19:50,104252.8,0.004
2025-06-01 15:19:51,104252.8,0.001
2025-06-01 15:19:52,104252.8,0.01
2025-06-01 15:19:53,104252.8,0.002
2025-06-01 15:19:54,104252.7,0.01
2025-06-01 15:19:55,104252.7,0.013
2025-06-01 15:19:56,104252.8,0.003
2025-06-01 15:19:57,104252.8,0.01
2025-06-01 15:19:58,104252.7,0.004
2025-06-01 15:19:59,104252.8,0.004
2025-06-01 15:20:00,104252.8,0.002
2025-06-01 15:20:01,104252.8,0.001
2025-06-01 15:20:02,104252.7,0.187
2025-06-01 15:20:03,104252.8,0.004
2025-06-01 15:20:04,104252.7,0.003
2025-06-01 15:20:05,104252.8,0.001
2025-06-01 15:20:06,104252.8,0.001
2025-06-01 15:20:07,104252.7,0.002
2025-06-01 15:20:08,104252.8,0.002
2025-06-01 15:20:09,104252.8,0.004
2025-06-01 15:20:11,104252.7,0.002
2025-06-01 15:20:12,104252.7,0.004
2025-06-01 15:20:13,104252.7,0.007
2025-06-01 15:20:15,104250.1,0.006
2025-06-01 15:20:16,104244.2,0.005
2025-06-01 15:20:17,104239.1,0.217
2025-06-01 15:20:18,104215.4,0.002
2025-06-01 15:20:19,104207.8,0.005
2025-06-01 15:20:20,104207.8,0.01
2025-06-01 15:20:21,104207.8,0.021
2025-06-01 15:20:22,104204.7,0.018
2025-06-01 15:20:23,104204.8,0.001
2025-06-01 15:20:24,104204.7,0.086
2025-06-01 15:20:25,104204.8,0.125
2025-06-01 15:20:26,104204.8,0.001
2025-06-01 15:20:27,104204.7,0.015
2025-06-01 15:20:28,104204.7,0.002
2025-06-01 15:20:29,104204.7,0.075
2025-06-01 15:20:30,104204.7,0.045
2025-06-01 15:20:31,104204.7,0.001
2025-06-01 15:20:32,104204.7,0.002
2025-06-01 15:20:33,104204.7,0.067
2025-06-01 15:20:34,104204.7,0.095
2025-06-01 15:20:35,104204.7,0.003
2025-06-01 15:20:36,104204.8,0.005
2025-06-01 15:20:37,104204.7,0.014
2025-06-01 15:20:38,104204.7,0.015
2025-06-01 15:20:39,104204.8,0.008
2025-06-01 15:20:40,104204.7,0.017
2025-06-01 15:20:41,104204.7,0.171
2025-06-01 15:20:42,104204.7,0.04
2025-06-01 15:20:43,104204.7,0.01
2025-06-01 15:20:44,104204.7,0.004
2025-06-01 15:20:45,104204.7,0.022
2025-06-01 15:20:46,104204.7,0.001
2025-06-01 15:20:47,104204.7,0.013
2025-06-01 15:20:48,104204.7,0.235
2025-06-01 15:20:49,104204.7,0.05
2025-06-01 15:20:50,104204.8,0.002
2025-06-01 15:20:51,104204.7,0.003
2025-06-01 15:20:52,104204.7,0.001
2025-06-01 15:20:53,104204.7,0.001
2025-06-01 15:20:54,104200.0,0.006
2025-06-01 15:20:55,104200.1,0.003
2025-06-01 15:20:56,104200.0,0.004
2025-06-01 15:20:57,104200.0,0.068
2025-06-01 15:20:58,104200.0,0.047
2025-06-01 15:20:59,104200.0,0.043
2025-06-01 15:21:00,104200.1,0.001
2025-06-01 15:21:03,104200.1,0.003
2025-06-01 15:21:04,104200.0,0.001
2025-06-01 15:21:05,104200.1,0.352
2025-06-01 15:21:06,104200.1,0.002
2025-06-01 15:21:07,104200.1,0.02
2025-06-01 15:21:08,104200.1,0.002
2025-06-01 15:21:09,104200.1,0.002
2025-06-01 15:21:10,104200.1,0.031
2025-06-01 15:21:11,104208.6,0.003
2025-06-01 15:21:12,104217.6,0.002
2025-06-01 15:21:13,104217.6,0.001
2025-06-01 15:21:14,104217.6,0.001
2025-06-01 15:21:15,104217.5,0.019
2025-06-01 15:21:16,104217.5,0.014
2025-06-01 15:21:17,104217.5,0.066
2025-06-01 15:21:18,104217.6,0.001
2025-06-01 15:21:19,104217.5,0.023
2025-06-01 15:21:20,104217.5,0.125
2025-06-01 15:21:21,104217.6,0.006
2025-06-01 15:21:22,104217.6,0.002
2025-06-01 15:21:23,104217.6,0.006
2025-06-01 15:21:24,104217.6,0.003
2025-06-01 15:21:25,104217.6,0.001
2025-06-01 15:21:26,104222.2,0.002
2025-06-01 15:21:27,104222.2,0.003
2025-06-01 15:21:28,104222.2,0.009
2025-06-01 15:21:29,104222.2,0.007
2025-06-01 15:21:30,104222.1,0.147
2025-06-01 15:21:31,104222.2,0.001
2025-06-01 15:21:32,104222.1,0.031
2025-06-01 15:21:33,104222.1,0.027
2025-06-01 15:21:34,104222.2,0.001
2025-06-01 15:21:35,104222.1,0.033
2025-06-01 15:21:36,104222.1,0.002
2025-06-01 15:21:37,104222.2,0.001
2025-06-01 15:21:38,104222.2,0.005
2025-06-01 15:21:39,104222.1,0.005
2025-06-01 15:21:40,104222.1,0.115
2025-06-01 15:21:41,104222.2,0.001
2025-06-01 15:21:42,104222.2,0.001
2025-06-01 15:21:43,104222.2,0.047
2025-06-01 15:21:44,104222.1,0.001
2025-06-01 15:21:45,104222.2,0.017
2025-06-01 15:21:46,104222.2,0.071
2025-06-01 15:21:47,104222.2,0.006
2025-06-01 15:21:48,104222.1,0.001
2025-06-01 15:21:49,104222.1,0.014
2025-06-01 15:21:50,104222.2,0.084
2025-06-01 15:21:52,104222.1,0.001
2025-06-01 15:21:53,104222.1,0.001
2025-06-01 15:21:54,104222.2,0.001
2025-06-01 15:21:55,104222.2,0.212
2025-06-01 15:21:56,104222.1,0.009
2025-06-01 15:21:57,104222.1,0.002
2025-06-01 15:21:58,104224.8,0.126
2025-06-01 15:22:00,104230.2,0.001
2025-06-01 15:22:01,104239.2,0.002
2025-06-01 15:22:03,104239.3,0.001
2025-06-01 15:22:04,104239.2,0.001
2025-06-01 15:22:05,104239.3,0.049
2025-06-01 15:22:06,104239.3,0.034
2025-06-01 15:22:07,104239.2,0.102
2025-06-01 15:22:08,104239.2,0.173
2025-06-01 15:22:10,104239.3,0.016
2025-06-01 15:22:11,104239.2,0.009
2025-06-01 15:22:12,104239.2,0.011
2025-06-01 15:22:13,104239.3,0.005
2025-06-01 15:22:14,104239.3,0.001
2025-06-01 15:22:15,104239.2,0.001
2025-06-01 15:22:16,104239.2,0.202
2025-06-01 15:22:17,104239.3,0.009
2025-06-01 15:22:18,104239.3,0.004
2025-06-01 15:22:19,104239.2,0.001
2025-06-01 15:22:21,104239.3,0.001
2025-06-01 15:22:22,104239.3,0.03
2025-06-01 15:22:23,104239.3,0.432
2025-06-01 15:22:24,104277.5,0.001
2025-06-01 15:22:25,104288.7,0.023
2025-06-01 15:22:26,104295.1,0.004
2025-06-01 15:22:27,104295.1,0.211
2025-06-01 15:22:28,104304.0,0.008
2025-06-01 15:22:29,104304.1,0.052
2025-06-01 15:22:30,104304.0,0.001
2025-06-01 15:22:31,104304.1,0.202
2025-06-01 15:22:32,104309.0,0.001
2025-06-01 15:22:33,104309.0,0.001
2025-06-01 15:22:34,104309.1,0.01
2025-06-01 15:22:35,104309.0,0.014
2025-06-01 15:22:36,104309.2,0.001
2025-06-01 15:22:37,104314.3,0.005
2025-06-01 15:22:38,104314.3,0.003
2025-06-01 15:22:39,104314.3,0.064
2025-06-01 15:22:40,104314.2,0.087
2025-06-01 15:22:41,104314.3,0.01
2025-06-01 15:22:42,104314.3,0.001
2025-06-01 15:22:43,104314.3,0.004
2025-06-01 15:22:44,104314.3,0.006
2025-06-01 15:22:45,104314.3,0.048
2025-06-01 15:22:46,104314.3,0.023
2025-06-01 15:22:47,104314.2,0.002
2025-06-01 15:22:48,104314.3,0.015
2025-06-01 15:22:49,104314.3,0.001
2025-06-01 15:22:50,104314.2,0.001
2025-06-01 15:22:51,104309.2,0.031
2025-06-01 15:22:52,104309.2,0.006
2025-06-01 15:22:53,104309.2,0.009
2025-06-01 15:22:54,104309.2,0.001
2025-06-01 15:22:55,104309.2,0.02
2025-06-01 15:22:56,104309.2,0.027
2025-06-01 15:22:57,104309.2,0.007
2025-06-01 15:22:58,104309.2,0.022
2025-06-01 15:22:59,104309.2,0.017
2025-06-01 15:23:00,104309.2,0.001
2025-06-01 15:23:01,104309.2,0.122
2025-06-01 15:23:02,104309.2,0.017
2025-06-01 15:23:03,104309.2,0.006
2025-06-01 15:23:04,104309.2,0.047
2025-06-01 15:23:05,104309.2,0.053
2025-06-01 15:23:06,104309.1,0.019
2025-06-01 15:23:07,104309.1,0.01
2025-06-01 15:23:08,104309.2,0.03
2025-06-01 15:23:09,104309.1,0.012
2025-06-01 15:23:10,104309.2,0.002
2025-06-01 15:23:11,104309.1,0.001
2025-06-01 15:23:12,104309.1,0.148
2025-06-01 15:23:13,104309.1,0.001
2025-06-01 15:23:14,104309.2,0.001
2025-06-01 15:23:15,104309.2,0.003
2025-06-01 15:23:16,104309.2,0.028
2025-06-01 15:23:17,104309.2,0.003
2025-06-01 15:23:18,104309.2,0.001
2025-06-01 15:23:19,104309.2,0.008
2025-06-01 15:23:20,104309.2,0.001
2025-06-01 15:23:21,104309.2,0.028
2025-06-01 15:23:22,104309.1,0.004
2025-06-01 15:23:23,104298.0,0.006
2025-06-01 15:23:24,104298.0,0.001
2025-06-01 15:23:25,104297.9,0.006
2025-06-01 15:23:26,104297.9,0.002
2025-06-01 15:23:27,104298.0,0.001
2025-06-01 15:23:28,104298.0,0.018
2025-06-01 15:23:29,104283.6,0.027
2025-06-01 15:23:30,104283.7,0.022
2025-06-01 15:23:32,104283.7,0.003
2025-06-01 15:23:33,104283.7,0.069
2025-06-01 15:23:34,104283.6,0.032
2025-06-01 15:23:35,104283.6,0.002
2025-06-01 15:23:36,104283.6,0.018
2025-06-01 15:23:37,104283.6,0.09
2025-06-01 15:23:38,104283.7,0.002
2025-06-01 15:23:39,104283.7,0.001
2025-06-01 15:23:41,104283.6,0.262
2025-06-01 15:23:42,104283.7,0.086
2025-06-01 15:23:43,104283.7,0.075
2025-06-01 15:23:44,104283.7,0.001
2025-06-01 15:23:45,104283.6,0.001
2025-06-01 15:23:46,104283.7,0.022
2025-06-01 15:23:47,104283.6,0.01
2025-06-01 15:23:48,104283.7,0.011
2025-06-01 15:23:49,104283.7,0.034
2025-06-01 15:23:50,104283.7,0.019
2025-06-01 15:23:51,104283.7,0.005
2025-06-01 15:23:52,104283.7,0.002
2025-06-01 15:23:53,104283.7,0.001
2025-06-01 15:23:54,104283.6,0.001
2025-06-01 15:23:55,104283.6,0.003
2025-06-01 15:23:57,104283.7,0.001
2025-06-01 15:23:58,104283.6,0.001
2025-06-01 15:23:59,104283.7,0.001
2025-06-01 15:24:00,104283.7,0.001
2025-06-01 15:24:01,104283.6,0.018
2025-06-01 15:24:02,104283.7,0.01
2025-06-01 15:24:04,104283.6,0.002
2025-06-01 15:24:05,104283.6,0.011
2025-06-01 15:24:06,104283.6,0.02
2025-06-01 15:24:08,104283.6,0.003
2025-06-01 15:24:10,104283.7,0.016
2025-06-01 15:24:11,104283.6,0.003
2025-06-01 15:24:12,104283.7,0.124
2025-06-01 15:24:13,104283.6,0.006
2025-06-01 15:24:14,104283.6,0.008
2025-06-01 15:24:15,104283.6,0.005
2025-06-01 15:24:16,104283.7,0.003
2025-06-01 15:24:18,104283.7,0.178
2025-06-01 15:24:19,104283.6,0.004
2025-06-01 15:24:20,104283.7,0.021
2025-06-01 15:24:21,104283.6,0.019
2025-06-01 15:24:22,104283.6,0.03
2025-06-01 15:24:23,104283.6,0.006
2025-06-01 15:24:24,104283.6,0.013
2025-06-01 15:24:25,104283.7,0.002
2025-06-01 15:24:26,104283.7,0.103
2025-06-01 15:24:27,104283.7,0.002
2025-06-01 15:24:28,104283.6,0.003
2025-06-01 15:24:29,104283.6,0.003
2025-06-01 15:24:30,104283.7,0.32
2025-06-01 15:24:31,104283.7,0.062
2025-06-01 15:24:32,104283.7,0.004
2025-06-01 15:24:34,104283.6,0.002
2025-06-01 15:24:35,104283.7,0.075
2025-06-01 15:24:37,104283.7,0.014
2025-06-01 15:24:38,104283.7,0.047
2025-06-01 15:24:39,104283.7,0.007
2025-06-01 15:24:40,104283.7,0.001
2025-06-01 15:24:41,104283.7,0.05
2025-06-01 15:24:43,104283.7,0.003
2025-06-01 15:24:45,104283.7,0.048
2025-06-01 15:24:46,104283.6,0.072
2025-06-01 15:24:47,104283.7,0.008
2025-06-01 15:24:49,104283.6,0.002
2025-06-01 15:24:52,104283.7,0.001
2025-06-01 15:24:53,104283.7,0.003
2025-06-01 15:24:54,104283.7,0.014
2025-06-01 15:24:56,104283.7,0.028
2025-06-01 15:24:58,104283.7,0.003
2025-06-01 15:25:00,104283.7,0.032
2025-06-01 15:25:01,104283.7,0.023
2025-06-01 15:25:02,104283.6,0.004
2025-06-01 15:25:03,104283.6,0.002
2025-06-01 15:25:04,104283.7,0.01
2025-06-01 15:25:05,104283.6,0.009
2025-06-01 15:25:06,104283.7,0.046
2025-06-01 15:25:07,104283.6,0.046
2025-06-01 15:25:08,104283.7,0.037
2025-06-01 15:25:09,104283.7,0.055
2025-06-01 15:25:10,104283.6,0.001
2025-06-01 15:25:11,104283.7,0.056
2025-06-01 15:25:12,104283.6,0.002
2025-06-01 15:25:13,104283.7,0.005
2025-06-01 15:25:15,104283.7,0.003
2025-06-01 15:25:16,104283.7,0.046
2025-06-01 15:25:17,104283.7,0.028
2025-06-01 15:25:18,104283.7,0.006
2025-06-01 15:25:21,104283.6,0.036
2025-06-01 15:25:22,104283.7,0.002
2025-06-01 15:25:24,104283.7,0.001
2025-06-01 15:25:25,104283.7,0.007
2025-06-01 15:25:26,104283.7,0.007
2025-06-01 15:25:27,104283.7,0.002
2025-06-01 15:25:28,104283.6,0.008
2025-06-01 15:25:29,104283.6,0.002
2025-06-01 15:25:30,104283.7,0.09
2025-06-01 15:25:31,104283.6,0.003
2025-06-01 15:25:32,104283.6,0.013
2025-06-01 15:25:33,104283.7,0.01
2025-06-01 15:25:34,104283.7,0.007
2025-06-01 15:25:35,104283.7,0.05
2025-06-01 15:25:36,104283.6,0.005
2025-06-01 15:25:37,104283.6,0.001
2025-06-01 15:25:38,104283.7,0.014
2025-06-01 15:25:39,104283.7,0.001
2025-06-01 15:25:40,104283.7,0.004
2025-06-01 15:25:41,104283.7,0.002
2025-06-01 15:25:42,104283.6,0.01
2025-06-01 15:25:43,104283.7,0.005
2025-06-01 15:25:44,104283.6,0.029
2025-06-01 15:25:45,104283.6,0.001
2025-06-01 15:25:47,104283.7,0.095
2025-06-01 15:25:48,104283.7,0.477
2025-06-01 15:25:49,104283.7,0.01
2025-06-01 15:25:50,104283.7,0.006
2025-06-01 15:25:51,104283.7,0.023
2025-06-01 15:25:52,104283.6,0.017
2025-06-01 15:25:54,104283.7,0.1
2025-06-01 15:25:55,104283.6,0.009
2025-06-01 15:25:56,104283.7,0.002
2025-06-01 15:25:58,104283.7,0.001
2025-06-01 15:25:59,104283.6,0.002
2025-06-01 15:26:00,104283.6,0.015
2025-06-01 15:26:01,104283.7,0.233
2025-06-01 15:26:02,104283.6,0.002
2025-06-01 15:26:03,104283.7,0.023
2025-06-01 15:26:04,104283.7,0.001
2025-06-01 15:26:05,104283.6,0.023
2025-06-01 15:26:06,104283.7,0.001
2025-06-01 15:26:08,104283.7,0.002
2025-06-01 15:26:09,104283.7,0.003
2025-06-01 15:26:10,104283.6,0.018
2025-06-01 15:26:11,104283.7,0.011
2025-06-01 15:26:12,104283.7,0.002
2025-06-01 15:26:13,104283.6,0.001
2025-06-01 15:26:14,104283.7,0.008
2025-06-01 15:26:15,104294.1,0.001
2025-06-01 15:26:16,104294.2,0.009
2025-06-01 15:26:17,104294.2,0.046
2025-06-01 15:26:18,104294.2,0.017
2025-06-01 15:26:19,104294.1,0.001
2025-06-01 15:26:20,104294.2,0.003
2025-06-01 15:26:21,104294.1,0.002
2025-06-01 15:26:22,104294.2,0.001
2025-06-01 15:26:23,104294.2,0.002
2025-06-01 15:26:25,104294.2,0.007
2025-06-01 15:26:26,104294.2,0.023
2025-06-01 15:26:27,104294.2,0.07
2025-06-01 15:26:28,104294.2,0.04
2025-06-01 15:26:29,104294.1,0.01
2025-06-01 15:26:30,104294.2,0.021
2025-06-01 15:26:31,104294.1,0.023
2025-06-01 15:26:33,104299.7,0.01
2025-06-01 15:26:34,104299.7,0.024
2025-06-01 15:26:35,104299.7,0.004
2025-06-01 15:26:36,104299.7,0.015
2025-06-01 15:26:39,104299.7,0.014
2025-06-01 15:26:40,104299.6,0.001
2025-06-01 15:26:41,104299.7,0.008
2025-06-01 15:26:42,104299.6,0.001
2025-06-01 15:26:43,104299.7,0.005
2025-06-01 15:26:44,104299.7,0.005
2025-06-01 15:26:45,104299.7,0.048
2025-06-01 15:26:48,104299.7,0.013
2025-06-01 15:26:49,104299.7,0.001
2025-06-01 15:26:50,104299.6,0.001
2025-06-01 15:26:51,104299.7,0.039
2025-06-01 15:26:53,104299.6,0.075
2025-06-01 15:26:54,104299.7,0.221
2025-06-01 15:26:55,104299.7,0.009
2025-06-01 15:26:57,104299.7,0.013
2025-06-01 15:26:58,104299.7,0.015
2025-06-01 15:26:59,104299.6,0.034
2025-06-01 15:27:00,104299.7,0.002
2025-06-01 15:27:01,104299.6,0.002
2025-06-01 15:27:02,104299.7,0.001
2025-06-01 15:27:03,104299.7,0.002
2025-06-01 15:27:04,104299.7,0.023
2025-06-01 15:27:05,104299.7,0.013
2025-06-01 15:27:06,104299.7,0.008
2025-06-01 15:27:07,104299.7,0.052
2025-06-01 15:27:08,104299.7,0.051
2025-06-01 15:27:09,104299.6,0.005
2025-06-01 15:27:10,104299.6,0.009
2025-06-01 15:27:11,104299.6,0.001
2025-06-01 15:27:12,104299.7,0.004
2025-06-01 15:27:13,104299.7,0.005
2025-06-01 15:27:14,104299.6,0.006
2025-06-01 15:27:15,104299.7,0.001
2025-06-01 15:27:16,104299.7,0.001
2025-06-01 15:27:17,104289.1,0.012
2025-06-01 15:27:18,104289.1,0.001
2025-06-01 15:27:19,104289.1,0.001
2025-06-01 15:27:21,104289.1,0.007
2025-06-01 15:27:22,104289.1,0.001
2025-06-01 15:27:23,104289.1,0.001
2025-06-01 15:27:25,104289.0,0.001
2025-06-01 15:27:26,104289.1,0.01
2025-06-01 15:27:27,104289.1,0.001
2025-06-01 15:27:28,104289.0,0.004
2025-06-01 15:27:30,104289.1,0.379
2025-06-01 15:27:31,104289.0,0.002
2025-06-01 15:27:33,104289.1,0.006
2025-06-01 15:27:34,104289.1,0.007
2025-06-01 15:27:35,104289.0,0.012
2025-06-01 15:27:37,104289.1,0.005
2025-06-01 15:27:38,104289.1,0.019
2025-06-01 15:27:40,104289.1,0.01
2025-06-01 15:27:41,104289.0,0.001
2025-06-01 15:27:42,104289.1,0.001
2025-06-01 15:27:43,104289.1,0.003
2025-06-01 15:27:44,104289.1,0.017
2025-06-01 15:27:45,104289.1,0.005
2025-06-01 15:27:46,104289.1,0.3
2025-06-01 15:27:49,104289.1,0.016
2025-06-01 15:27:50,104289.0,0.01
2025-06-01 15:27:53,104289.0,0.001
2025-06-01 15:27:54,104289.1,0.016
2025-06-01 15:27:55,104289.0,0.003
2025-06-01 15:27:57,104289.1,0.01
2025-06-01 15:27:58,104289.1,0.038
2025-06-01 15:28:00,104289.0,0.017
2025-06-01 15:28:01,104289.0,0.012
2025-06-01 15:28:02,104289.1,0.021
2025-06-01 15:28:04,104289.0,0.001
2025-06-01 15:28:05,104289.1,0.009
2025-06-01 15:28:06,104289.1,0.034
2025-06-01 15:28:07,104289.1,0.008
2025-06-01 15:28:08,104289.1,0.002
2025-06-01 15:28:09,104289.1,0.004
2025-06-01 15:28:10,104289.1,0.182
2025-06-01 15:28:11,104289.1,0.037
2025-06-01 15:28:12,104289.1,0.014
2025-06-01 15:28:13,104289.0,0.001
2025-06-01 15:28:14,104289.1,0.001
2025-06-01 15:28:15,104289.1,0.008
2025-06-01 15:28:16,104289.1,0.027
2025-06-01 15:28:17,104289.1,0.006
2025-06-01 15:28:18,104289.1,0.014
2025-06-01 15:28:19,104289.0,0.009
2025-06-01 15:28:20,104289.1,0.012
2025-06-01 15:28:21,104289.0,0.004
2025-06-01 15:28:22,104289.1,0.006
2025-06-01 15:28:23,104289.1,0.006
2025-06-01 15:28:24,104289.1,0.014
2025-06-01 15:28:25,104289.1,0.041
2025-06-01 15:28:26,104289.0,0.003
2025-06-01 15:28:27,104289.1,0.071
2025-06-01 15:28:28,104289.1,0.009
2025-06-01 15:28:29,104289.1,0.001
2025-06-01 15:28:30,104289.1,0.115
2025-06-01 15:28:31,104289.1,0.01
2025-06-01 15:28:32,104289.0,0.066
2025-06-01 15:28:33,104289.1,0.082
2025-06-01 15:28:34,104289.1,0.008
2025-06-01 15:28:35,104289.1,0.009
2025-06-01 15:28:36,104289.1,0.003
2025-06-01 15:28:37,104292.4,0.006
2025-06-01 15:28:38,104292.4,0.006
2025-06-01 15:28:40,104292.3,0.014
2025-06-01 15:28:41,104292.3,0.02
2025-06-01 15:28:42,104292.4,0.005
2025-06-01 15:28:44,104292.4,0.1
2025-06-01 15:28:45,104292.4,0.048
2025-06-01 15:28:46,104292.3,0.003
2025-06-01 15:28:47,104292.3,0.002
2025-06-01 15:28:48,104292.4,0.011
2025-06-01 15:28:50,104292.4,0.002
2025-06-01 15:28:51,104292.4,0.001
2025-06-01 15:28:52,104292.4,0.038
2025-06-01 15:28:53,104292.4,0.01
2025-06-01 15:28:54,104292.3,0.027
2025-06-01 15:28:55,104292.3,0.003
2025-06-01 15:28:56,104292.4,0.001
2025-06-01 15:28:57,104292.4,0.012
2025-06-01 15:28:58,104292.4,0.004
2025-06-01 15:28:59,104292.4,0.005
2025-06-01 15:29:00,104292.4,0.001
2025-06-01 15:29:01,104292.4,0.003
2025-06-01 15:29:02,104292.4,0.032
2025-06-01 15:29:03,104292.4,0.014
2025-06-01 15:29:04,104292.4,0.064
2025-06-01 15:29:05,104292.4,0.005
2025-06-01 15:29:06,104292.4,0.003
2025-06-01 15:29:07,104292.4,0.008
2025-06-01 15:29:10,104292.4,0.001
2025-06-01 15:29:11,104292.4,0.023
2025-06-01 15:29:12,104292.4,0.004
2025-06-01 15:29:14,104292.4,0.005
2025-06-01 15:29:16,104292.4,0.001
2025-06-01 15:29:17,104292.4,0.006
2025-06-01 15:29:18,104292.4,0.005
2025-06-01 15:29:19,104292.4,0.16
2025-06-01 15:29:21,104292.4,0.001
2025-06-01 15:29:22,104292.4,0.011
2025-06-01 15:29:23,104292.4,0.006
2025-06-01 15:29:24,104292.4,0.046
2025-06-01 15:29:25,104292.3,0.001
2025-06-01 15:29:26,104292.4,0.002
2025-06-01 15:29:27,104292.3,0.001
2025-06-01 15:29:28,104292.3,0.172
2025-06-01 15:29:29,104292.4,0.033
2025-06-01 15:29:30,104292.4,0.199
2025-06-01 15:29:31,104292.3,1.142
2025-06-01 15:29:32,104292.3,0.002
2025-06-01 15:29:33,104292.3,0.001
2025-06-01 15:29:34,104292.3,0.015
2025-06-01 15:29:35,104292.4,0.001
2025-06-01 15:29:36,104292.4,0.005
2025-06-01 15:29:37,104292.4,0.001
2025-06-01 15:29:38,104292.4,0.002
2025-06-01 15:29:39,104292.4,0.014
2025-06-01 15:29:40,104292.4,0.054
2025-06-01 15:29:41,104292.3,0.002
2025-06-01 15:29:42,104292.4,0.002
2025-06-01 15:29:43,104299.8,0.031
2025-06-01 15:29:44,104299.7,0.01
2025-06-01 15:29:45,104299.8,0.068
2025-06-01 15:29:46,104299.7,0.001
2025-06-01 15:29:48,104299.8,0.002
2025-06-01 15:29:49,104299.8,0.246
2025-06-01 15:29:50,104299.8,0.144
2025-06-01 15:29:51,104299.8,0.005
2025-06-01 15:29:53,104299.7,0.005
2025-06-01 15:29:54,104299.8,0.012
2025-06-01 15:29:55,104299.8,0.003
2025-06-01 15:29:57,104299.8,0.005
2025-06-01 15:29:58,104299.8,0.008
2025-06-01 15:29:59,104299.7,0.072
2025-06-01 15:30:00,104299.8,0.002
2025-06-01 15:30:01,104299.7,0.107
2025-06-01 15:30:02,104299.8,0.073
2025-06-01 15:30:03,104299.8,0.03
2025-06-01 15:30:04,104299.8,0.002
2025-06-01 15:30:05,104299.8,0.008
2025-06-01 15:30:06,104299.8,0.006
2025-06-01 15:30:07,104299.8,0.006
2025-06-01 15:30:08,104299.8,0.042
2025-06-01 15:30:09,104299.8,0.013
2025-06-01 15:30:10,104299.7,0.002
2025-06-01 15:30:11,104299.8,0.009
2025-06-01 15:30:12,104299.8,0.042
2025-06-01 15:30:13,104299.8,0.002
2025-06-01 15:30:14,104299.8,0.042
2025-06-01 15:30:15,104299.8,0.001
2025-06-01 15:30:16,104299.8,0.025
2025-06-01 15:30:17,104299.7,0.038
2025-06-01 15:30:18,104299.8,0.042
2025-06-01 15:30:19,104299.7,0.042
2025-06-01 15:30:20,104299.8,0.003
2025-06-01 15:30:21,104299.8,0.05
2025-06-01 15:30:23,104299.8,0.001
2025-06-01 15:30:24,104299.8,0.002
2025-06-01 15:30:25,104299.7,0.001
2025-06-01 15:30:26,104299.7,0.008
2025-06-01 15:30:27,104299.8,0.004
2025-06-01 15:30:28,104299.7,0.006
2025-06-01 15:30:30,104299.8,0.42
2025-06-01 15:30:31,104299.8,0.009
2025-06-01 15:30:32,104299.8,0.8
2025-06-01 15:30:33,104299.8,0.01
2025-06-01 15:30:34,104299.8,0.013
2025-06-01 15:30:35,104299.7,0.018
2025-06-01 15:30:36,104299.8,0.018
2025-06-01 15:30:37,104299.7,0.018
2025-06-01 15:30:38,104282.4,0.001
2025-06-01 15:30:39,104282.4,0.002
2025-06-01 15:30:40,104282.4,0.005
2025-06-01 15:30:41,104282.3,0.004
2025-06-01 15:30:42,104282.4,0.05
2025-06-01 15:30:43,104282.3,0.018
2025-06-01 15:30:44,104282.4,0.018
2025-06-01 15:30:45,104282.3,0.014
2025-06-01 15:30:47,104282.4,0.001
2025-06-01 15:30:48,104282.4,0.003
2025-06-01 15:30:49,104282.4,0.012
2025-06-01 15:30:50,104282.3,0.008
2025-06-01 15:30:51,104282.3,0.001
2025-06-01 15:30:52,104282.4,0.032
2025-06-01 15:30:53,104282.4,0.016
2025-06-01 15:30:54,104282.3,0.047
2025-06-01 15:30:55,104282.4,0.082
2025-06-01 15:30:56,104282.4,0.05
2025-06-01 15:30:57,104282.4,0.002
2025-06-01 15:30:58,104282.4,0.463
2025-06-01 15:30:59,104282.4,0.001
2025-06-01 15:31:00,104282.3,0.005
2025-06-01 15:31:01,104282.3,0.116
2025-06-01 15:31:02,104282.4,0.004
2025-06-01 15:31:03,104282.3,0.008
2025-06-01 15:31:04,104282.3,0.005
2025-06-01 15:31:05,104282.4,0.003
2025-06-01 15:31:06,104288.0,0.007
2025-06-01 15:31:07,104288.0,0.008
2025-06-01 15:31:08,104287.9,0.021
2025-06-01 15:31:09,104287.9,0.027
2025-06-01 15:31:10,104288.0,0.001
2025-06-01 15:31:11,104288.0,0.004
2025-06-01 15:31:12,104288.0,0.003
2025-06-01 15:31:13,104287.9,0.005
2025-06-01 15:31:14,104288.0,0.01
2025-06-01 15:31:15,104288.0,0.001
2025-06-01 15:31:16,104288.0,0.012
2025-06-01 15:31:17,104288.0,0.001
2025-06-01 15:31:18,104288.0,0.001
2025-06-01 15:31:19,104290.0,0.958
2025-06-01 15:31:20,104290.1,0.01
2025-06-01 15:31:21,104290.1,0.003
2025-06-01 15:31:22,104290.1,0.002
2025-06-01 15:31:23,104290.1,0.003
2025-06-01 15:31:24,104290.1,0.001
2025-06-01 15:31:25,104290.0,0.001
2025-06-01 15:31:28,104290.1,0.001
2025-06-01 15:31:29,104290.1,0.031
2025-06-01 15:31:30,104290.0,0.018
2025-06-01 15:31:31,104290.1,0.001
2025-06-01 15:31:32,104290.1,0.004
2025-06-01 15:31:33,104290.1,0.01
2025-06-01 15:31:34,104290.1,0.001
2025-06-01 15:31:35,104290.0,0.001
2025-06-01 15:31:36,104290.1,0.002
2025-06-01 15:31:37,104290.0,0.001
2025-06-01 15:31:38,104290.1,0.001
2025-06-01 15:31:39,104290.0,0.001
2025-06-01 15:31:40,104290.1,0.001
2025-06-01 15:31:41,104290.0,0.001
2025-06-01 15:31:42,104290.1,0.001
2025-06-01 15:31:43,104290.0,0.001
2025-06-01 15:31:44,104290.1,0.001
2025-06-01 15:31:45,104290.0,0.001
2025-06-01 15:31:46,104290.1,0.001
2025-06-01 15:31:47,104290.0,0.001
2025-06-01 15:31:48,104290.1,0.001
2025-06-01 15:31:51,104290.0,0.011
2025-06-01 15:31:53,104290.1,0.008
2025-06-01 15:31:54,104290.1,0.001
2025-06-01 15:31:55,104290.1,0.001
2025-06-01 15:31:56,104290.0,0.01
2025-06-01 15:31:57,104290.1,0.002
2025-06-01 15:31:59,104290.0,0.001
2025-06-01 15:32:00,104290.1,0.003
2025-06-01 15:32:01,104290.0,0.015
2025-06-01 15:32:02,104290.1,0.023
2025-06-01 15:32:03,104290.0,0.362
2025-06-01 15:32:04,104290.1,0.001
2025-06-01 15:32:05,104290.0,0.032
2025-06-01 15:32:06,104290.1,0.016
2025-06-01 15:32:08,104290.1,0.002
2025-06-01 15:32:09,104290.1,0.006
2025-06-01 15:32:10,104290.1,0.004
2025-06-01 15:32:11,104290.0,0.004
2025-06-01 15:32:12,104290.0,0.002
2025-06-01 15:32:13,104290.1,0.005
2025-06-01 15:32:14,104290.1,0.003
2025-06-01 15:32:16,104290.0,0.082
2025-06-01 15:32:17,104290.0,0.211
2025-06-01 15:32:18,104290.0,0.047
2025-06-01 15:32:19,104290.1,0.001
2025-06-01 15:32:20,104290.1,0.003
2025-06-01 15:32:21,104290.0,0.145
2025-06-01 15:32:22,104266.3,0.01
2025-06-01 15:32:23,104252.0,0.002
2025-06-01 15:32:24,104252.1,0.002
2025-06-01 15:32:25,104252.1,0.079
2025-06-01 15:32:26,104252.1,0.001
2025-06-01 15:32:27,104252.0,0.001
2025-06-01 15:32:28,104252.0,0.129
2025-06-01 15:32:29,104252.0,0.001
2025-06-01 15:32:30,104252.0,0.041
2025-06-01 15:32:31,104252.0,0.033
2025-06-01 15:32:32,104252.0,0.045
2025-06-01 15:32:33,104252.1,0.001
2025-06-01 15:32:34,104252.0,0.01
2025-06-01 15:32:35,104252.0,0.003
2025-06-01 15:32:36,104252.1,0.06
2025-06-01 15:32:37,104252.0,0.032
2025-06-01 15:32:38,104252.1,0.001
2025-06-01 15:32:39,104252.0,0.003
2025-06-01 15:32:40,104252.0,0.01
2025-06-01 15:32:41,104252.0,0.001
2025-06-01 15:32:42,104252.1,0.003
2025-06-01 15:32:43,104252.1,0.095
2025-06-01 15:32:44,104252.0,0.009
2025-06-01 15:32:45,104252.0,0.005
2025-06-01 15:32:46,104252.1,0.001
2025-06-01 15:32:48,104252.0,0.001
2025-06-01 15:32:49,104252.1,0.059
2025-06-01 15:32:50,104252.0,0.019
2025-06-01 15:32:51,104252.0,0.003
2025-06-01 15:32:52,104252.1,0.095
2025-06-01 15:32:53,104252.1,0.004
2025-06-01 15:32:54,104252.0,0.001
2025-06-01 15:32:55,104252.0,0.001
2025-06-01 15:32:56,104252.1,0.002
2025-06-01 15:32:57,104252.0,0.043
2025-06-01 15:32:59,104252.1,0.005
2025-06-01 15:33:00,104252.0,0.005
2025-06-01 15:33:01,104252.1,0.001
2025-06-01 15:33:02,104252.0,0.002
2025-06-01 15:33:03,104252.0,0.001
2025-06-01 15:33:04,104252.0,0.028
2025-06-01 15:33:05,104252.0,0.04
2025-06-01 15:33:06,104252.1,0.058
2025-06-01 15:33:07,104252.0,0.016
2025-06-01 15:33:08,104252.1,0.04
2025-06-01 15:33:09,104252.0,0.001
2025-06-01 15:33:10,104252.0,0.001
2025-06-01 15:33:11,104252.0,0.892
2025-06-01 15:33:12,104252.0,0.014
2025-06-01 15:33:13,104252.1,0.002
2025-06-01 15:33:15,104252.1,0.057
2025-06-01 15:33:17,104252.1,0.002
2025-06-01 15:33:18,104252.0,0.024
2025-06-01 15:33:19,104252.1,0.003
2025-06-01 15:33:21,104252.1,0.003
2025-06-01 15:33:22,104252.0,0.001
2025-06-01 15:33:23,104252.0,0.105
2025-06-01 15:33:24,104252.0,0.003
2025-06-01 15:33:25,104252.1,0.025
2025-06-01 15:33:26,104252.1,0.001
2025-06-01 15:33:27,104252.1,0.006
2025-06-01 15:33:28,104252.0,0.001
2025-06-01 15:33:30,104252.0,0.007
2025-06-01 15:33:31,104252.0,0.011
2025-06-01 15:33:32,104252.1,0.01
2025-06-01 15:33:36,104252.1,0.014
2025-06-01 15:33:37,104255.5,0.25
2025-06-01 15:33:39,104270.8,0.005
2025-06-01 15:33:40,104270.8,0.002
2025-06-01 15:33:41,104270.9,0.008
2025-06-01 15:33:42,104270.9,0.01
2025-06-01 15:33:43,104270.8,0.055
2025-06-01 15:33:44,104270.9,0.013
2025-06-01 15:33:45,104270.8,0.068
2025-06-01 15:33:46,104270.9,0.033
2025-06-01 15:33:47,104270.9,0.001
2025-06-01 15:33:48,104290.1,0.001
2025-06-01 15:33:49,104290.0,0.001
2025-06-01 15:33:50,104290.0,0.004
2025-06-01 15:33:51,104290.0,0.08
2025-06-01 15:33:52,104290.0,0.33
2025-06-01 15:33:53,104290.0,0.001
2025-06-01 15:33:54,104290.1,0.5
2025-06-01 15:33:55,104290.0,0.126
2025-06-01 15:33:56,104283.2,0.007
2025-06-01 15:33:57,104283.2,0.308
2025-06-01 15:34:00,104283.2,0.002
2025-06-01 15:34:01,104283.2,0.003
2025-06-01 15:34:02,104283.2,0.002
2025-06-01 15:34:03,104283.2,0.168
2025-06-01 15:34:04,104283.2,0.009
2025-06-01 15:34:05,104283.1,0.001
2025-06-01 15:34:06,104283.2,0.001
2025-06-01 15:34:07,104283.2,0.01
2025-06-01 15:34:08,104270.9,0.013
2025-06-01 15:34:10,104270.8,0.09
2025-06-01 15:34:11,104270.9,0.025
2025-06-01 15:34:13,104270.9,0.038
2025-06-01 15:34:15,104270.9,0.001
2025-06-01 15:34:16,104270.9,0.016
2025-06-01 15:34:17,104270.8,0.001
2025-06-01 15:34:18,104270.8,0.003
2025-06-01 15:34:19,104270.8,0.001
2025-06-01 15:34:20,104270.8,0.001
2025-06-01 15:34:21,104270.8,0.003
2025-06-01 15:34:22,104274.7,0.001
2025-06-01 15:34:23,104288.3,0.001
2025-06-01 15:34:24,104288.3,0.019
2025-06-01 15:34:25,104288.3,0.001
2025-06-01 15:34:26,104288.3,0.767
2025-06-01 15:34:27,104288.3,0.079
2025-06-01 15:34:28,104288.3,0.027
2025-06-01 15:34:30,104288.3,0.002
2025-06-01 15:34:31,104288.2,0.078
2025-06-01 15:34:32,104288.3,0.004
2025-06-01 15:34:33,104288.3,0.052
2025-06-01 15:34:34,104288.3,0.003
2025-06-01 15:34:35,104288.3,0.007
2025-06-01 15:34:36,104288.3,0.002
2025-06-01 15:34:37,104288.3,0.05
2025-06-01 15:34:38,104288.3,0.062
2025-06-01 15:34:41,104288.2,0.001
2025-06-01 15:34:42,104288.3,0.01
2025-06-01 15:34:44,104288.2,0.002
2025-06-01 15:34:45,104288.2,0.002
2025-06-01 15:34:46,104288.3,0.052
2025-06-01 15:34:47,104300.2,0.06
2025-06-01 15:34:48,104304.5,0.066
2025-06-01 15:34:51,104304.5,0.008
2025-06-01 15:34:52,104304.5,0.009
2025-06-01 15:34:53,104304.4,0.016
2025-06-01 15:34:54,104300.1,0.001
2025-06-01 15:34:55,104300.1,0.427
2025-06-01 15:34:56,104286.1,0.001
2025-06-01 15:34:57,104286.1,0.063
2025-06-01 15:34:58,104286.1,0.03
2025-06-01 15:34:59,104286.0,2.344
2025-06-01 15:35:00,104278.7,0.239
2025-06-01 15:35:01,104278.7,0.001
2025-06-01 15:35:02,104278.8,0.002
2025-06-01 15:35:03,104278.7,0.001
2025-06-01 15:35:04,104278.8,0.07
2025-06-01 15:35:05,104278.8,0.01
2025-06-01 15:35:06,104278.7,0.148
2025-06-01 15:35:07,104278.8,0.404
2025-06-01 15:35:09,104278.7,0.009
2025-06-01 15:35:10,104278.8,0.002
2025-06-01 15:35:11,104278.8,0.221
2025-06-01 15:35:14,104278.8,0.059
2025-06-01 15:35:15,104278.8,0.007
2025-06-01 15:35:16,104278.7,0.006
2025-06-01 15:35:17,104278.8,0.032
2025-06-01 15:35:18,104278.7,0.002
2025-06-01 15:35:19,104271.0,0.008
2025-06-01 15:35:20,104271.0,0.001
2025-06-01 15:35:21,104271.1,0.002
2025-06-01 15:35:22,104271.1,0.002
2025-06-01 15:35:23,104271.1,0.082
2025-06-01 15:35:24,104271.1,0.24
2025-06-01 15:35:26,104271.1,0.153
2025-06-01 15:35:27,104271.1,0.039
2025-06-01 15:35:28,104271.0,0.038
2025-06-01 15:35:29,104271.1,0.005
2025-06-01 15:35:30,104271.1,0.01
2025-06-01 15:35:32,104271.1,0.011
2025-06-01 15:35:33,104271.0,0.002
2025-06-01 15:35:34,104271.1,0.026
2025-06-01 15:35:36,104262.6,0.001
2025-06-01 15:35:37,104262.5,0.025
2025-06-01 15:35:38,104262.5,0.09
2025-06-01 15:35:39,104262.6,0.002
2025-06-01 15:35:40,104262.5,0.003
2025-06-01 15:35:41,104262.5,0.005
2025-06-01 15:35:42,104262.5,0.007
2025-06-01 15:35:44,104262.5,0.002
2025-06-01 15:35:45,104262.5,0.002
2025-06-01 15:35:46,104262.5,0.041
2025-06-01 15:35:47,104262.5,0.004
2025-06-01 15:35:49,104262.6,0.001
2025-06-01 15:35:50,104262.6,0.83
2025-06-01 15:35:51,104262.5,0.019
2025-06-01 15:35:52,104262.5,0.107
2025-06-01 15:35:53,104262.5,0.001
2025-06-01 15:35:54,104262.5,0.001
2025-06-01 15:35:55,104262.5,0.005
2025-06-01 15:35:56,104262.5,0.005
2025-06-01 15:35:57,104254.6,0.01
2025-06-01 15:35:58,104254.6,0.343
2025-06-01 15:35:59,104254.5,0.066
2025-06-01 15:36:00,104254.5,0.09
2025-06-01 15:36:02,104254.5,0.001
2025-06-01 15:36:03,104254.5,0.01
2025-06-01 15:36:05,104254.5,0.003
2025-06-01 15:36:06,104254.6,0.15
2025-06-01 15:36:07,104254.5,0.009
2025-06-01 15:36:10,104254.6,0.003
2025-06-01 15:36:11,104254.5,0.023
2025-06-01 15:36:14,104254.6,0.001
2025-06-01 15:36:16,104254.5,0.158
2025-06-01 15:36:18,104254.6,0.006
2025-06-01 15:36:20,104254.5,0.002
2025-06-01 15:36:21,104254.6,0.001
2025-06-01 15:36:22,104254.6,0.047
2025-06-01 15:36:23,104254.6,0.004
2025-06-01 15:36:24,104254.5,0.004
2025-06-01 15:36:26,104254.5,0.004
2025-06-01 15:36:27,104254.6,0.009
2025-06-01 15:36:28,104254.5,0.029
2025-06-01 15:36:29,104254.5,0.003
2025-06-01 15:36:30,104254.5,0.004
2025-06-01 15:36:31,104254.6,0.014
2025-06-01 15:36:35,104254.5,0.002
2025-06-01 15:36:36,104254.5,0.021
2025-06-01 15:36:37,104254.6,0.003
2025-06-01 15:36:40,104254.6,0.005
2025-06-01 15:36:42,104254.6,0.001
2025-06-01 15:36:43,104254.6,0.003
2025-06-01 15:36:44,104254.5,0.005
2025-06-01 15:36:45,104254.6,0.005
2025-06-01 15:36:48,104254.5,0.006
2025-06-01 15:36:49,104254.5,0.005
2025-06-01 15:36:50,104254.5,0.566
2025-06-01 15:36:51,104245.6,0.002
2025-06-01 15:36:53,104242.8,0.017
2025-06-01 15:36:54,104231.9,0.451
2025-06-01 15:36:55,104226.5,0.5
2025-06-01 15:36:56,104222.2,0.002
2025-06-01 15:36:57,104222.1,0.022
2025-06-01 15:36:58,104222.1,0.01
2025-06-01 15:36:59,104222.2,0.366
2025-06-01 15:37:00,104220.2,0.001
2025-06-01 15:37:01,104205.8,0.001
2025-06-01 15:37:02,104198.7,0.006
2025-06-01 15:37:03,104189.1,0.002
2025-06-01 15:37:04,104189.1,0.003
2025-06-01 15:37:05,104189.2,0.022
2025-06-01 15:37:06,104189.2,0.001
2025-06-01 15:37:07,104189.2,0.001
2025-06-01 15:37:08,104189.2,0.002
2025-06-01 15:37:09,104189.2,0.005
2025-06-01 15:37:10,104189.2,0.036
2025-06-01 15:37:11,104189.2,0.108
2025-06-01 15:37:12,104189.1,0.002
2025-06-01 15:37:13,104189.1,0.008
2025-06-01 15:37:14,104189.1,0.001
2025-06-01 15:37:15,104189.1,0.002
2025-06-01 15:37:16,104189.2,0.023
2025-06-01 15:37:17,104199.9,0.002
2025-06-01 15:37:18,104200.0,0.002
2025-06-01 15:37:19,104200.0,0.048
2025-06-01 15:37:21,104214.5,0.122
2025-06-01 15:37:22,104214.6,0.016
2025-06-01 15:37:23,104214.5,0.01
2025-06-01 15:37:24,104214.5,0.002
2025-06-01 15:37:25,104214.5,0.019
2025-06-01 15:37:26,104214.5,0.611
2025-06-01 15:37:27,104214.6,0.006
2025-06-01 15:37:28,104214.5,0.001
2025-06-01 15:37:29,104214.6,0.143
2025-06-01 15:37:30,104214.5,0.086
2025-06-01 15:37:31,104214.5,0.001
2025-06-01 15:37:32,104214.6,0.107
2025-06-01 15:37:33,104214.6,0.03
2025-06-01 15:37:34,104214.6,0.005
2025-06-01 15:37:36,104214.5,0.032
2025-06-01 15:37:37,104214.6,0.002
2025-06-01 15:37:38,104205.2,0.003
2025-06-01 15:37:39,104205.3,0.014
2025-06-01 15:37:40,104205.3,0.002
2025-06-01 15:37:42,104205.2,0.008
2025-06-01 15:37:43,104205.3,0.006
2025-06-01 15:37:44,104205.3,0.144
2025-06-01 15:37:45,104211.5,0.3
2025-06-01 15:37:46,104211.5,0.01
2025-06-01 15:37:47,104211.5,0.033
2025-06-01 15:37:49,104213.2,0.002
2025-06-01 15:37:50,104213.3,0.001
2025-06-01 15:37:51,104213.2,0.06
2025-06-01 15:37:52,104213.2,0.064
2025-06-01 15:37:54,104213.2,0.014
2025-06-01 15:37:55,104213.3,0.001
2025-06-01 15:37:56,104213.3,0.001
2025-06-01 15:37:57,104213.2,0.001
2025-06-01 15:37:58,104213.3,0.003
2025-06-01 15:37:59,104211.6,0.004
2025-06-01 15:38:00,104211.6,0.003
2025-06-01 15:38:01,104206.6,0.005
2025-06-01 15:38:02,104206.7,0.005
2025-06-01 15:38:03,104206.6,0.033
2025-06-01 15:38:04,104206.6,0.182
2025-06-01 15:38:05,104206.7,0.001
2025-06-01 15:38:06,104206.6,0.02
2025-06-01 15:38:07,104206.7,0.03
2025-06-01 15:38:08,104206.7,0.008
2025-06-01 15:38:09,104206.7,0.095
2025-06-01 15:38:10,104206.7,0.001
2025-06-01 15:38:11,104206.7,0.001
2025-06-01 15:38:12,104206.6,0.008
2025-06-01 15:38:13,104211.6,0.029
2025-06-01 15:38:14,104214.6,0.01
2025-06-01 15:38:15,104214.6,0.004
2025-06-01 15:38:16,104214.6,0.015
2025-06-01 15:38:17,104214.6,0.006
2025-06-01 15:38:18,104215.1,0.014
2025-06-01 15:38:19,104215.2,0.032
2025-06-01 15:38:20,104215.1,0.005
2025-06-01 15:38:21,104215.2,0.001
2025-06-01 15:38:22,104215.1,0.002
2025-06-01 15:38:24,104215.1,0.005
2025-06-01 15:38:25,104215.1,0.001
2025-06-01 15:38:26,104215.2,0.001
2025-06-01 15:38:28,104215.2,0.003
2025-06-01 15:38:29,104215.1,0.025
2025-06-01 15:38:30,104215.2,0.002
2025-06-01 15:38:31,104215.2,0.003
2025-06-01 15:38:33,104215.2,0.002
2025-06-01 15:38:34,104215.1,0.009
2025-06-01 15:38:35,104215.2,0.057
2025-06-01 15:38:37,104215.1,0.486
2025-06-01 15:38:38,104215.2,0.071
2025-06-01 15:38:40,104215.1,0.003
2025-06-01 15:38:41,104215.1,0.005
2025-06-01 15:38:42,104215.2,0.006
2025-06-01 15:38:43,104215.2,0.001
2025-06-01 15:38:44,104215.2,0.072
2025-06-01 15:38:45,104215.2,0.049
2025-06-01 15:38:46,104215.2,0.012
2025-06-01 15:38:47,104215.2,0.002
2025-06-01 15:38:48,104215.2,0.001
2025-06-01 15:38:49,104215.2,0.163
2025-06-01 15:38:50,104215.2,0.055
2025-06-01 15:38:51,104215.1,0.064
2025-06-01 15:38:53,104215.1,0.005
2025-06-01 15:38:54,104215.2,0.029
2025-06-01 15:38:55,104215.1,0.155
2025-06-01 15:38:56,104215.1,0.002
2025-06-01 15:38:57,104215.1,0.002
2025-06-01 15:38:58,104215.2,0.001
2025-06-01 15:38:59,104215.2,0.001
2025-06-01 15:39:00,104215.1,0.01
2025-06-01 15:39:01,104215.1,0.034
2025-06-01 15:39:02,104210.2,0.001
2025-06-01 15:39:03,104210.2,0.002
2025-06-01 15:39:04,104210.1,0.001
2025-06-01 15:39:06,104210.2,0.001
2025-06-01 15:39:07,104210.2,0.003
2025-06-01 15:39:08,104210.2,0.002
2025-06-01 15:39:09,104210.2,0.001
2025-06-01 15:39:10,104210.2,0.003
2025-06-01 15:39:11,104210.1,0.007
2025-06-01 15:39:12,104210.2,0.004
2025-06-01 15:39:13,104210.1,0.048
2025-06-01 15:39:14,104210.2,0.001
2025-06-01 15:39:15,104210.2,0.003
2025-06-01 15:39:17,104210.2,0.001
2025-06-01 15:39:18,104210.2,0.001
2025-06-01 15:39:19,104210.2,0.004
2025-06-01 15:39:20,104210.1,0.02
2025-06-01 15:39:21,104210.1,0.478
2025-06-01 15:39:22,104210.1,0.002
2025-06-01 15:39:23,104210.1,0.026
2025-06-01 15:39:24,104210.2,0.005
2025-06-01 15:39:25,104210.1,0.001
2025-06-01 15:39:26,104215.2,0.001
2025-06-01 15:39:27,104215.1,0.143
2025-06-01 15:39:28,104215.2,0.003
2025-06-01 15:39:29,104215.2,0.001
2025-06-01 15:39:30,104215.2,0.6
2025-06-01 15:39:31,104215.1,0.129
2025-06-01 15:39:32,104215.2,0.5
2025-06-01 15:39:33,104215.1,0.528
2025-06-01 15:39:34,104215.2,0.007
2025-06-01 15:39:35,104215.2,0.002
2025-06-01 15:39:36,104215.2,0.01
2025-06-01 15:39:37,104216.9,0.028
2025-06-01 15:39:38,104217.0,0.001
2025-06-01 15:39:39,104217.0,0.043
2025-06-01 15:39:40,104217.0,0.003
2025-06-01 15:39:41,104216.9,0.122
2025-06-01 15:39:43,104217.0,0.075
2025-06-01 15:39:44,104217.0,0.004
2025-06-01 15:39:45,104217.0,0.1
2025-06-01 15:39:47,104217.0,0.001
2025-06-01 15:39:48,104216.9,0.072
2025-06-01 15:39:49,104204.1,0.79
2025-06-01 15:39:50,104204.2,0.002
2025-06-01 15:39:52,104204.2,0.004
2025-06-01 15:39:53,104204.1,0.005
2025-06-01 15:39:54,104204.1,0.019
2025-06-01 15:39:55,104204.2,0.062
2025-06-01 15:39:56,104204.2,0.002
2025-06-01 15:39:57,104204.1,2.019
2025-06-01 15:39:58,104204.2,0.143
2025-06-01 15:39:59,104204.2,0.095
2025-06-01 15:40:00,104204.2,0.028
2025-06-01 15:40:01,104204.1,0.001
2025-06-01 15:40:02,104204.2,0.002
2025-06-01 15:40:03,104204.1,0.005
2025-06-01 15:40:04,104204.1,0.005
2025-06-01 15:40:05,104204.2,0.01
2025-06-01 15:40:06,104204.1,0.005
2025-06-01 15:40:07,104204.2,0.002
2025-06-01 15:40:08,104204.1,0.019
2025-06-01 15:40:09,104204.2,0.012
2025-06-01 15:40:10,104204.1,0.437
2025-06-01 15:40:12,104204.1,0.437
2025-06-01 15:40:13,104204.2,0.006
2025-06-01 15:40:14,104204.1,0.426
2025-06-01 15:40:15,104192.8,0.002
2025-06-01 15:40:16,104192.8,0.006
2025-06-01 15:40:17,104192.8,0.01
2025-06-01 15:40:18,104192.8,0.037
2025-06-01 15:40:19,104192.8,0.007
2025-06-01 15:40:20,104192.8,0.003
2025-06-01 15:40:21,104192.8,0.002
2025-06-01 15:40:22,104192.8,0.03
2025-06-01 15:40:23,104192.8,0.02
2025-06-01 15:40:24,104192.8,0.01
2025-06-01 15:40:25,104192.9,0.001
2025-06-01 15:40:26,104192.9,0.002
2025-06-01 15:40:27,104192.9,0.003
2025-06-01 15:40:28,104192.8,0.001
2025-06-01 15:40:29,104192.8,0.008
2025-06-01 15:40:31,104192.9,0.033
2025-06-01 15:40:32,104192.8,0.066
2025-06-01 15:40:33,104167.8,0.147
2025-06-01 15:40:34,104167.9,0.049
2025-06-01 15:40:35,104172.9,0.002
2025-06-01 15:40:36,104172.9,0.004
2025-06-01 15:40:37,104172.9,0.003
2025-06-01 15:40:38,104172.9,0.005
2025-06-01 15:40:39,104172.8,0.005
2025-06-01 15:40:40,104172.9,0.002
2025-06-01 15:40:41,104172.8,0.188
2025-06-01 15:40:42,104172.8,0.002
2025-06-01 15:40:43,104172.8,0.027
2025-06-01 15:40:44,104172.8,0.007
2025-06-01 15:40:46,104172.9,0.002
2025-06-01 15:40:47,104172.9,0.001
2025-06-01 15:40:48,104172.8,0.035
2025-06-01 15:40:49,104172.8,0.018
2025-06-01 15:40:50,104172.8,0.241
2025-06-01 15:40:51,104172.8,0.038
2025-06-01 15:40:52,104172.8,0.002
2025-06-01 15:40:53,104172.8,0.004
2025-06-01 15:40:54,104172.9,0.01
2025-06-01 15:40:55,104172.8,0.4
2025-06-01 15:40:56,104172.9,0.004
2025-06-01 15:40:57,104172.8,0.012
2025-06-01 15:40:58,104172.8,0.005
2025-06-01 15:40:59,104167.7,0.012
2025-06-01 15:41:00,104167.8,0.045
2025-06-01 15:41:01,104178.4,0.541
2025-06-01 15:41:02,104178.4,0.001
2025-06-01 15:41:03,104178.4,0.006
2025-06-01 15:41:04,104184.9,0.028
2025-06-01 15:41:05,104185.0,0.002
2025-06-01 15:41:06,104185.0,0.001
2025-06-01 15:41:07,104184.9,0.006
2025-06-01 15:41:08,104185.0,0.3
2025-06-01 15:41:09,104185.0,0.004
2025-06-01 15:41:10,104184.9,0.069
2025-06-01 15:41:11,104185.0,0.002
2025-06-01 15:41:12,104185.0,0.001
2025-06-01 15:41:13,104184.9,0.169
2025-06-01 15:41:14,104184.9,0.002
2025-06-01 15:41:15,104184.9,0.002
2025-06-01 15:41:16,104185.0,0.031
2025-06-01 15:41:17,104185.0,0.002
2025-06-01 15:41:18,104184.9,0.001
2025-06-01 15:41:19,104185.0,0.001
2025-06-01 15:41:21,104184.9,0.002
2025-06-01 15:41:23,104185.0,0.002
2025-06-01 15:41:24,104185.0,0.002
2025-06-01 15:41:25,104184.9,0.191
2025-06-01 15:41:26,104185.0,0.001
2025-06-01 15:41:27,104185.0,0.004
2025-06-01 15:41:29,104185.0,0.002
2025-06-01 15:41:30,104185.0,0.004
2025-06-01 15:41:31,104185.0,0.001
2025-06-01 15:41:32,104184.9,0.009
2025-06-01 15:41:33,104185.0,0.002
2025-06-01 15:41:34,104185.0,0.901
2025-06-01 15:41:35,104185.0,0.02
2025-06-01 15:41:37,104185.0,0.015
2025-06-01 15:41:39,104185.0,0.001
2025-06-01 15:41:40,104184.9,0.073
2025-06-01 15:41:41,104185.0,0.026
2025-06-01 15:41:43,104184.9,0.001
2025-06-01 15:41:44,104184.9,0.001
2025-06-01 15:41:45,104185.0,0.003
2025-06-01 15:41:46,104185.0,0.042
2025-06-01 15:41:47,104184.9,0.011
2025-06-01 15:41:48,104185.0,0.001
2025-06-01 15:41:49,104184.9,0.003
2025-06-01 15:41:50,104184.9,0.004
2025-06-01 15:41:51,104185.0,0.002
2025-06-01 15:41:52,104184.9,0.001
2025-06-01 15:41:53,104185.0,0.003
2025-06-01 15:41:54,104185.0,0.479
2025-06-01 15:41:55,104184.9,0.658
2025-06-01 15:41:56,104185.0,0.006
2025-06-01 15:41:57,104185.0,0.721
2025-06-01 15:41:58,104184.9,0.003
2025-06-01 15:41:59,104185.0,0.024
2025-06-01 15:42:00,104185.0,0.001
2025-06-01 15:42:01,104184.9,0.048
2025-06-01 15:42:02,104185.0,0.003
2025-06-01 15:42:03,104184.9,0.079
2025-06-01 15:42:04,104185.0,0.001
2025-06-01 15:42:05,104184.9,0.01
2025-06-01 15:42:06,104185.0,0.023
2025-06-01 15:42:07,104185.0,0.002
2025-06-01 15:42:08,104184.9,0.022
2025-06-01 15:42:09,104185.0,0.002
2025-06-01 15:42:10,104185.0,0.001
2025-06-01 15:42:11,104185.0,0.002
2025-06-01 15:42:12,104185.0,0.899
2025-06-01 15:42:13,104185.0,0.004
2025-06-01 15:42:14,104185.0,0.002
2025-06-01 15:42:16,104185.0,0.005
2025-06-01 15:42:17,104185.0,0.077
2025-06-01 15:42:18,104185.0,0.004
2025-06-01 15:42:19,104184.9,0.039
2025-06-01 15:42:20,104185.0,0.001
2025-06-01 15:42:21,104185.0,0.002
2025-06-01 15:42:22,104185.0,0.021
2025-06-01 15:42:23,104185.0,0.004
2025-06-01 15:42:26,104184.9,0.051
2025-06-01 15:42:27,104184.9,0.004
2025-06-01 15:42:28,104184.9,0.004
2025-06-01 15:42:29,104185.0,0.018
2025-06-01 15:42:30,104184.9,0.016
2025-06-01 15:42:31,104184.9,0.004
2025-06-01 15:42:33,104185.0,0.048
2025-06-01 15:42:34,104197.9,0.001
2025-06-01 15:42:35,104197.8,0.063
2025-06-01 15:42:36,104197.9,0.017
2025-06-01 15:42:37,104199.5,0.047
2025-06-01 15:42:38,104199.5,0.012
2025-06-01 15:42:39,104199.5,0.058
2025-06-01 15:42:40,104199.5,0.004
2025-06-01 15:42:41,104199.4,0.018
2025-06-01 15:42:42,104199.5,0.017
2025-06-01 15:42:43,104199.5,0.001
2025-06-01 15:42:44,104199.4,0.005
2025-06-01 15:42:45,104199.5,0.029
2025-06-01 15:42:47,104199.4,0.001
2025-06-01 15:42:48,104199.4,0.013
2025-06-01 15:42:50,104199.5,0.05
2025-06-01 15:42:51,104199.5,0.002
2025-06-01 15:42:52,104199.5,0.047
2025-06-01 15:42:53,104199.5,0.005
2025-06-01 15:42:54,104199.4,0.002
2025-06-01 15:42:55,104199.5,0.002
2025-06-01 15:42:56,104199.5,0.025
2025-06-01 15:42:57,104199.4,0.004
2025-06-01 15:42:58,104199.5,0.002
2025-06-01 15:42:59,104199.5,0.119
2025-06-01 15:43:00,104199.5,0.001
2025-06-01 15:43:01,104199.5,0.001
2025-06-01 15:43:02,104199.4,0.002
2025-06-01 15:43:03,104199.4,0.001
2025-06-01 15:43:04,104199.5,0.05
2025-06-01 15:43:05,104199.5,0.021
2025-06-01 15:43:06,104199.4,0.001
2025-06-01 15:43:07,104199.5,0.022
2025-06-01 15:43:08,104199.5,0.33
2025-06-01 15:43:09,104199.4,0.008
2025-06-01 15:43:10,104199.4,0.01
2025-06-01 15:43:11,104199.5,0.029
2025-06-01 15:43:12,104199.5,0.087
2025-06-01 15:43:13,104199.4,0.005
2025-06-01 15:43:14,104199.5,0.004
2025-06-01 15:43:15,104199.5,0.003
2025-06-01 15:43:16,104199.5,0.002
2025-06-01 15:43:18,104199.4,0.001
2025-06-01 15:43:19,104199.5,0.001
2025-06-01 15:43:20,104199.4,0.002
2025-06-01 15:43:21,104199.4,0.035
2025-06-01 15:43:23,104199.4,0.001
2025-06-01 15:43:24,104199.5,0.001
2025-06-01 15:43:25,104199.5,0.003
2025-06-01 15:43:26,104199.5,0.005
2025-06-01 15:43:28,104199.4,0.001
2025-06-01 15:43:29,104199.5,0.004
2025-06-01 15:43:30,104199.4,0.01
2025-06-01 15:43:31,104199.4,0.02
2025-06-01 15:43:32,104199.5,0.001
2025-06-01 15:43:33,104199.5,0.002
2025-06-01 15:43:34,104199.4,0.004
2025-06-01 15:43:35,104199.5,0.004
2025-06-01 15:43:36,104199.5,0.006
2025-06-01 15:43:37,104199.5,0.023
2025-06-01 15:43:38,104199.5,0.34
2025-06-01 15:43:39,104199.4,0.003
2025-06-01 15:43:40,104199.4,0.002
2025-06-01 15:43:41,104199.5,0.002
2025-06-01 15:43:43,104199.5,0.001
2025-06-01 15:43:44,104199.5,0.003
2025-06-01 15:43:45,104199.4,0.009
2025-06-01 15:43:46,104199.4,0.001
2025-06-01 15:43:48,104199.5,0.001
2025-06-01 15:43:50,104199.5,0.001
2025-06-01 15:43:51,104199.5,0.082
2025-06-01 15:43:52,104199.5,0.001
2025-06-01 15:43:53,104199.5,0.052
2025-06-01 15:43:54,104199.4,0.002
2025-06-01 15:43:56,104199.5,0.002
2025-06-01 15:43:57,104199.5,0.001
2025-06-01 15:43:58,104199.4,0.006
2025-06-01 15:43:59,104199.3,0.004
2025-06-01 15:44:00,104199.4,0.001
2025-06-01 15:44:02,104199.3,0.054
2025-06-01 15:44:03,104191.6,0.1
2025-06-01 15:44:04,104191.6,0.001
2025-06-01 15:44:05,104191.7,0.003
2025-06-01 15:44:06,104191.7,0.011
2025-06-01 15:44:07,104191.7,0.061
2025-06-01 15:44:08,104191.7,0.002
2025-06-01 15:44:09,104191.7,0.08
2025-06-01 15:44:10,104191.6,0.002
2025-06-01 15:44:11,104191.6,0.003
2025-06-01 15:44:12,104191.6,0.001
2025-06-01 15:44:13,104191.6,0.005
2025-06-01 15:44:14,104191.7,0.002
2025-06-01 15:44:15,104191.7,0.001
2025-06-01 15:44:16,104191.7,0.029
2025-06-01 15:44:17,104191.6,0.031
2025-06-01 15:44:19,104191.6,0.035
2025-06-01 15:44:20,104191.6,0.048
2025-06-01 15:44:21,104191.7,0.002
2025-06-01 15:44:22,104191.7,0.001
2025-06-01 15:44:23,104191.7,0.001
2025-06-01 15:44:24,104191.6,0.001
2025-06-01 15:44:25,104191.7,0.01
2025-06-01 15:44:26,104191.7,0.009
2025-06-01 15:44:27,104191.7,0.003
2025-06-01 15:44:28,104191.7,0.001
2025-06-01 15:44:29,104191.7,0.209
2025-06-01 15:44:30,104191.7,0.032
2025-06-01 15:44:31,104191.7,0.215
2025-06-01 15:44:33,104196.3,0.04
2025-06-01 15:44:34,104196.2,0.017
2025-06-01 15:44:35,104196.2,0.001
2025-06-01 15:44:36,104196.3,0.004
2025-06-01 15:44:37,104196.2,0.001
2025-06-01 15:44:38,104196.3,0.033
2025-06-01 15:44:39,104196.3,0.129
2025-06-01 15:44:41,104196.2,0.01
2025-06-01 15:44:42,104196.3,0.38
2025-06-01 15:44:43,104196.3,0.001
2025-06-01 15:44:44,104196.3,0.004
2025-06-01 15:44:45,104196.3,0.001
2025-06-01 15:44:46,104196.3,0.62
2025-06-01 15:44:47,104196.3,0.002
2025-06-01 15:44:49,104196.3,0.001
2025-06-01 15:44:50,104196.3,0.009
2025-06-01 15:44:51,104196.3,0.019
2025-06-01 15:44:53,104196.3,0.01
2025-06-01 15:44:55,104196.2,0.001
2025-06-01 15:44:56,104196.2,0.029
2025-06-01 15:44:58,104196.3,0.105
2025-06-01 15:44:59,104196.3,0.004
2025-06-01 15:45:00,104196.3,0.002
2025-06-01 15:45:01,104219.5,0.002
2025-06-01 15:45:02,104221.5,0.001
2025-06-01 15:45:03,104221.6,0.001
2025-06-01 15:45:04,104222.2,0.037
2025-06-01 15:45:05,104222.2,0.029
2025-06-01 15:45:06,104223.5,0.076
2025-06-01 15:45:07,104223.4,0.003
2025-06-01 15:45:08,104223.5,0.317
2025-06-01 15:45:09,104223.5,0.053
2025-06-01 15:45:10,104223.5,0.001
2025-06-01 15:45:11,104223.5,0.001
2025-06-01 15:45:12,104223.5,0.012
2025-06-01 15:45:13,104223.5,0.019
2025-06-01 15:45:14,104223.4,0.002
2025-06-01 15:45:15,104223.5,0.127
2025-06-01 15:45:16,104223.4,0.001
2025-06-01 15:45:17,104223.5,0.001
2025-06-01 15:45:18,104223.5,0.057
2025-06-01 15:45:19,104223.5,0.001
2025-06-01 15:45:20,104223.5,0.001
2025-06-01 15:45:21,104223.5,0.004
2025-06-01 15:45:22,104223.4,0.004
2025-06-01 15:45:23,104223.5,0.003
2025-06-01 15:45:24,104223.4,0.143
2025-06-01 15:45:25,104223.5,0.041
2025-06-01 15:45:28,104223.5,0.017
2025-06-01 15:45:29,104223.4,0.004
2025-06-01 15:45:30,104223.4,0.001
2025-06-01 15:45:31,104223.5,0.079
2025-06-01 15:45:33,104223.4,0.004
2025-06-01 15:45:34,104223.4,0.001
2025-06-01 15:45:36,104223.5,0.003
2025-06-01 15:45:37,104223.5,0.05
2025-06-01 15:45:38,104223.5,0.001
2025-06-01 15:45:39,104223.5,0.001
2025-06-01 15:45:40,104223.4,1.471
2025-06-01 15:45:41,104223.5,0.008
2025-06-01 15:45:42,104223.4,0.001
2025-06-01 15:45:43,104223.5,0.009
2025-06-01 15:45:44,104223.4,0.007
2025-06-01 15:45:45,104223.4,0.001
2025-06-01 15:45:46,104223.5,0.002
2025-06-01 15:45:47,104223.4,0.026
2025-06-01 15:45:48,104223.5,0.001
2025-06-01 15:45:49,104223.4,0.007
2025-06-01 15:45:50,104223.5,0.002
2025-06-01 15:45:51,104223.5,0.003
2025-06-01 15:45:52,104223.5,0.001
2025-06-01 15:45:53,104223.4,0.001
2025-06-01 15:45:55,104223.5,0.01
2025-06-01 15:45:56,104223.4,0.021
2025-06-01 15:45:57,104223.5,0.016
2025-06-01 15:45:59,104223.5,0.12
2025-06-01 15:46:00,104223.4,0.004
2025-06-01 15:46:01,104223.4,0.002
2025-06-01 15:46:02,104223.4,0.056
2025-06-01 15:46:03,104223.5,0.01
2025-06-01 15:46:04,104223.4,0.005
2025-06-01 15:46:08,104223.4,0.004
2025-06-01 15:46:09,104223.5,0.017
2025-06-01 15:46:10,104223.5,0.009
2025-06-01 15:46:11,104223.4,0.002
2025-06-01 15:46:12,104223.5,0.005
2025-06-01 15:46:14,104223.5,0.001
2025-06-01 15:46:16,104223.4,0.024
2025-06-01 15:46:17,104223.4,0.165
2025-06-01 15:46:18,104203.9,0.034
2025-06-01 15:46:19,104187.7,0.002
2025-06-01 15:46:20,104187.7,0.016
2025-06-01 15:46:21,104187.7,0.004
2025-06-01 15:46:22,104187.7,0.478
2025-06-01 15:46:23,104187.6,0.01
2025-06-01 15:46:24,104187.7,0.025
2025-06-01 15:46:26,104187.7,0.1
2025-06-01 15:46:27,104187.7,0.235
2025-06-01 15:46:28,104187.7,0.001
2025-06-01 15:46:29,104187.6,0.041
2025-06-01 15:46:30,104187.6,1.276
2025-06-01 15:46:32,104187.6,0.002
2025-06-01 15:46:33,104187.6,0.016
2025-06-01 15:46:34,104187.6,0.256
2025-06-01 15:46:35,104187.6,0.041
2025-06-01 15:46:36,104187.6,0.001
2025-06-01 15:46:37,104187.6,0.019
2025-06-01 15:46:38,104187.6,0.002
2025-06-01 15:46:39,104187.7,0.006
2025-06-01 15:46:40,104187.7,0.001
2025-06-01 15:46:41,104187.7,0.001
2025-06-01 15:46:42,104187.7,0.005
2025-06-01 15:46:43,104187.7,0.001
2025-06-01 15:46:44,104187.6,0.001
2025-06-01 15:46:45,104187.6,0.001
2025-06-01 15:46:46,104187.7,0.072
2025-06-01 15:46:47,104200.7,0.091
2025-06-01 15:46:48,104200.6,0.003
2025-06-01 15:46:49,104200.7,0.043
2025-06-01 15:46:50,104200.6,0.002
2025-06-01 15:46:51,104200.7,0.006
2025-06-01 15:46:52,104200.6,0.06
2025-06-01 15:46:53,104200.6,0.016
2025-06-01 15:46:54,104200.6,0.001
2025-06-01 15:46:55,104200.6,0.191
2025-06-01 15:46:56,104200.6,0.007
2025-06-01 15:46:57,104200.6,0.002
2025-06-01 15:46:58,104200.6,0.001
2025-06-01 15:46:59,104200.6,0.486
2025-06-01 15:47:00,104200.6,0.01
2025-06-01 15:47:01,104195.0,0.002
2025-06-01 15:47:04,104195.0,0.024
2025-06-01 15:47:05,104195.0,0.02
2025-06-01 15:47:06,104195.0,0.003
2025-06-01 15:47:08,104195.0,0.001
2025-06-01 15:47:10,104195.1,0.001
2025-06-01 15:47:11,104195.1,0.001
2025-06-01 15:47:12,104195.0,0.005
2025-06-01 15:47:13,104195.0,0.001
2025-06-01 15:47:14,104195.1,0.021
2025-06-01 15:47:15,104195.0,0.013
2025-06-01 15:47:16,104195.0,0.186
2025-06-01 15:47:17,104195.1,0.006
2025-06-01 15:47:18,104195.1,0.001
2025-06-01 15:47:19,104195.1,0.01
2025-06-01 15:47:20,104195.0,0.001
2025-06-01 15:47:21,104195.0,0.001
2025-06-01 15:47:22,104195.1,0.003
2025-06-01 15:47:23,104195.0,0.03
2025-06-01 15:47:24,104195.1,0.001
2025-06-01 15:47:25,104195.1,0.002
2025-06-01 15:47:27,104195.0,0.005
2025-06-01 15:47:28,104195.0,0.001
2025-06-01 15:47:29,104195.0,0.004
2025-06-01 15:47:30,104195.1,0.2
2025-06-01 15:47:32,104195.0,0.004
2025-06-01 15:47:33,104195.0,0.01
2025-06-01 15:47:34,104195.1,0.05
2025-06-01 15:47:35,104195.0,0.003
2025-06-01 15:47:36,104195.0,0.003
2025-06-01 15:47:38,104195.1,0.006
2025-06-01 15:47:39,104195.0,0.01
2025-06-01 15:47:40,104195.0,0.001
2025-06-01 15:47:41,104195.0,0.018
2025-06-01 15:47:42,104195.0,0.011
2025-06-01 15:47:43,104195.0,0.005
2025-06-01 15:47:44,104195.0,0.027
2025-06-01 15:47:45,104195.1,0.017
2025-06-01 15:47:46,104195.0,0.007
2025-06-01 15:47:47,104195.1,0.001
2025-06-01 15:47:48,104195.1,0.028
2025-06-01 15:47:49,104195.0,0.003
2025-06-01 15:47:50,104195.1,0.005
2025-06-01 15:47:51,104195.0,0.008
2025-06-01 15:47:52,104195.0,0.079
2025-06-01 15:47:53,104188.1,0.005
2025-06-01 15:47:54,104188.0,0.002
2025-06-01 15:47:55,104188.0,0.006
2025-06-01 15:47:56,104188.1,0.002
2025-06-01 15:47:58,104188.0,0.002
2025-06-01 15:47:59,104188.1,0.091
2025-06-01 15:48:01,104188.1,0.015
2025-06-01 15:48:02,104188.0,0.011
2025-06-01 15:48:03,104188.0,0.01
2025-06-01 15:48:05,104188.0,0.005
2025-06-01 15:48:07,104188.1,0.013
2025-06-01 15:48:08,104188.0,0.001
2025-06-01 15:48:10,104188.0,0.003
2025-06-01 15:48:11,104188.1,0.003
2025-06-01 15:48:12,104188.0,0.006
2025-06-01 15:48:13,104188.0,0.096
2025-06-01 15:48:14,104188.0,0.001
2025-06-01 15:48:15,104182.5,0.08
2025-06-01 15:48:16,104182.5,0.001
2025-06-01 15:48:17,104182.6,0.009
2025-06-01 15:48:18,104182.6,0.028
2025-06-01 15:48:19,104182.5,0.001
2025-06-01 15:48:20,104182.5,0.105
2025-06-01 15:48:21,104182.5,0.12
2025-06-01 15:48:22,104182.6,0.01
2025-06-01 15:48:23,104182.5,0.267
2025-06-01 15:48:25,104182.5,0.002
2025-06-01 15:48:26,104182.5,0.05
2025-06-01 15:48:27,104182.5,0.001
2025-06-01 15:48:28,104182.5,0.001
2025-06-01 15:48:29,104182.5,0.058
2025-06-01 15:48:30,104182.5,0.046
2025-06-01 15:48:31,104182.6,0.018
2025-06-01 15:48:32,104182.5,0.001
2025-06-01 15:48:33,104182.5,0.01
2025-06-01 15:48:34,104182.6,0.318
2025-06-01 15:48:35,104182.5,0.002
2025-06-01 15:48:36,104182.6,0.006
2025-06-01 15:48:37,104182.5,0.007
2025-06-01 15:48:39,104182.6,0.019
2025-06-01 15:48:40,104182.5,0.007
2025-06-01 15:48:41,104182.5,0.004
2025-06-01 15:48:42,104182.6,0.001
2025-06-01 15:48:43,104182.5,0.001
2025-06-01 15:48:45,104180.4,0.001
2025-06-01 15:48:46,104180.4,0.001
2025-06-01 15:48:47,104180.4,0.007
2025-06-01 15:48:49,104180.4,0.01
2025-06-01 15:48:50,104180.4,0.001
2025-06-01 15:48:51,104180.5,0.001
2025-06-01 15:48:52,104180.4,0.002
2025-06-01 15:48:53,104180.4,0.079
2025-06-01 15:48:54,104180.4,0.006
2025-06-01 15:48:55,104180.4,0.002
2025-06-01 15:48:56,104180.5,0.004
2025-06-01 15:48:57,104180.5,0.006
2025-06-01 15:48:58,104180.5,0.03
2025-06-01 15:48:59,104180.5,0.019
2025-06-01 15:49:00,104180.9,0.001
2025-06-01 15:49:01,104191.7,0.001
2025-06-01 15:49:02,104191.7,0.018
2025-06-01 15:49:03,104191.7,0.177
2025-06-01 15:49:04,104198.8,0.002
2025-06-01 15:49:05,104198.8,0.001
2025-06-01 15:49:06,104198.8,0.003
2025-06-01 15:49:08,104198.8,0.002
2025-06-01 15:49:09,104198.8,0.027
2025-06-01 15:49:10,104198.8,0.045
2025-06-01 15:49:11,104198.9,0.002
2025-06-01 15:49:12,104200.2,0.014
2025-06-01 15:49:13,104200.3,0.002
2025-06-01 15:49:14,104200.2,0.002
2025-06-01 15:49:16,104200.3,0.675
2025-06-01 15:49:17,104200.3,0.546
2025-06-01 15:49:18,104200.3,0.08
2025-06-01 15:49:20,104200.2,0.095
2025-06-01 15:49:21,104200.3,0.019
2025-06-01 15:49:22,104217.9,0.002
2025-06-01 15:49:23,104217.8,0.001
2025-06-01 15:49:24,104217.9,0.001
2025-06-01 15:49:25,104217.8,0.011
2025-06-01 15:49:26,104217.8,0.001
2025-06-01 15:49:27,104217.9,0.004
2025-06-01 15:49:28,104217.9,0.001
2025-06-01 15:49:29,104217.8,0.1
2025-06-01 15:49:31,104215.3,0.005
2025-06-01 15:49:32,104215.3,0.134
2025-06-01 15:49:33,104215.3,1.942
2025-06-01 15:49:34,104215.2,0.001
2025-06-01 15:49:35,104215.3,0.019
2025-06-01 15:49:36,104215.2,0.001
2025-06-01 15:49:37,104215.2,0.001
2025-06-01 15:49:38,104215.3,0.015
2025-06-01 15:49:39,104215.3,0.019
2025-06-01 15:49:40,104215.2,0.001
2025-06-01 15:49:43,104215.3,0.046
2025-06-01 15:49:45,104215.2,0.009
2025-06-01 15:49:46,104215.2,0.01
2025-06-01 15:49:47,104207.3,0.029
2025-06-01 15:49:48,104202.8,0.001
2025-06-01 15:49:49,104202.7,0.011
2025-06-01 15:49:50,104202.8,0.135
2025-06-01 15:49:51,104202.7,0.025
2025-06-01 15:49:52,104202.8,0.003
2025-06-01 15:49:53,104202.7,0.019
2025-06-01 15:49:54,104202.8,0.001
2025-06-01 15:49:55,104202.7,0.006
2025-06-01 15:49:56,104202.8,0.177
2025-06-01 15:49:57,104202.7,0.006
2025-06-01 15:49:58,104202.8,0.001
2025-06-01 15:49:59,104202.7,0.006
2025-06-01 15:50:00,104202.7,0.006
2025-06-01 15:50:01,104202.7,0.006
2025-06-01 15:50:02,104202.8,0.005
2025-06-01 15:50:03,104202.7,0.002
2025-06-01 15:50:04,104202.7,0.004
2025-06-01 15:50:05,104190.0,0.002
2025-06-01 15:50:08,104182.4,0.005
2025-06-01 15:50:09,104182.3,0.017
2025-06-01 15:50:10,104179.3,0.007
2025-06-01 15:50:11,104179.2,0.005
2025-06-01 15:50:12,104179.2,0.002
2025-06-01 15:50:13,104179.3,0.003
2025-06-01 15:50:14,104179.3,0.003
2025-06-01 15:50:15,104179.3,0.004
2025-06-01 15:50:16,104179.3,0.024
2025-06-01 15:50:17,104179.3,0.005
2025-06-01 15:50:18,104179.3,0.001
2025-06-01 15:50:19,104179.2,0.025
2025-06-01 15:50:20,104179.3,0.2
2025-06-01 15:50:21,104179.2,0.015
2025-06-01 15:50:22,104179.3,0.001
2025-06-01 15:50:23,104179.3,0.004
2025-06-01 15:50:24,104179.3,0.003
2025-06-01 15:50:25,104179.3,0.221
2025-06-01 15:50:26,104179.2,0.001
2025-06-01 15:50:27,104179.2,0.008
2025-06-01 15:50:28,104179.2,0.015
2025-06-01 15:50:29,104187.4,0.002
2025-06-01 15:50:30,104187.4,0.013
2025-06-01 15:50:31,104187.4,0.007
2025-06-01 15:50:32,104187.4,0.001
2025-06-01 15:50:34,104187.3,0.001
2025-06-01 15:50:35,104187.3,0.014
2025-06-01 15:50:36,104187.4,0.003
2025-06-01 15:50:37,104187.3,0.002
2025-06-01 15:50:38,104187.3,0.001
2025-06-01 15:50:39,104187.4,0.019
2025-06-01 15:50:40,104187.4,0.021
2025-06-01 15:50:42,104187.3,0.001
2025-06-01 15:50:43,104187.4,0.002
2025-06-01 15:50:44,104187.4,0.003
2025-06-01 15:50:45,104187.3,0.001
2025-06-01 15:50:46,104187.4,0.117
2025-06-01 15:50:47,104187.3,0.013
2025-06-01 15:50:48,104187.3,0.003
2025-06-01 15:50:49,104187.4,0.01
2025-06-01 15:50:50,104187.4,0.009
2025-06-01 15:50:51,104187.3,0.013
2025-06-01 15:50:52,104187.3,0.074
2025-06-01 15:50:53,104187.4,0.01
2025-06-01 15:50:54,104187.3,0.007
2025-06-01 15:50:55,104187.3,0.003
2025-06-01 15:50:56,104187.3,0.008
2025-06-01 15:50:57,104185.3,0.014
2025-06-01 15:50:58,104185.2,0.001
2025-06-01 15:50:59,104185.3,0.018
2025-06-01 15:51:00,104185.2,0.033
2025-06-01 15:51:01,104185.2,0.2
2025-06-01 15:51:03,104185.3,0.001
2025-06-01 15:51:05,104185.3,0.004
2025-06-01 15:51:06,104185.2,0.087
2025-06-01 15:51:07,104185.2,0.009
2025-06-01 15:51:08,104185.2,0.048
2025-06-01 15:51:11,104185.2,0.001
2025-06-01 15:51:12,104185.3,0.016
2025-06-01 15:51:13,104185.2,0.045
2025-06-01 15:51:14,104179.6,0.001
2025-06-01 15:51:15,104179.6,0.006
2025-06-01 15:51:16,104179.7,0.005
2025-06-01 15:51:17,104179.6,0.001
2025-06-01 15:51:18,104179.6,0.001
2025-06-01 15:51:19,104179.6,0.009
2025-06-01 15:51:20,104179.7,0.012
2025-06-01 15:51:21,104179.7,0.002
2025-06-01 15:51:22,104179.7,0.015
2025-06-01 15:51:23,104179.6,0.011
2025-06-01 15:51:24,104179.7,0.001
2025-06-01 15:51:25,104179.6,0.09
2025-06-01 15:51:26,104179.7,0.001
2025-06-01 15:51:28,104185.7,0.048
2025-06-01 15:51:29,104200.0,0.342
2025-06-01 15:51:30,104212.4,0.004
2025-06-01 15:51:31,104214.4,0.002
2025-06-01 15:51:32,104243.3,0.031
2025-06-01 15:51:33,104243.2,0.011
2025-06-01 15:51:34,104243.3,0.011
2025-06-01 15:51:35,104243.3,0.001
2025-06-01 15:51:36,104243.2,0.001
2025-06-01 15:51:37,104243.2,0.209
2025-06-01 15:51:38,104243.3,0.004
2025-06-01 15:51:39,104243.3,0.004
2025-06-01 15:51:41,104243.2,0.001
2025-06-01 15:51:42,104243.3,0.001
2025-06-01 15:51:43,104243.3,0.019
2025-06-01 15:51:44,104243.2,0.055
2025-06-01 15:51:47,104243.3,0.001
2025-06-01 15:51:49,104243.3,0.002
2025-06-01 15:51:50,104243.3,0.01
2025-06-01 15:51:51,104243.2,0.002
2025-06-01 15:51:52,104236.6,0.05
2025-06-01 15:51:53,104236.7,0.01
2025-06-01 15:51:54,104236.7,0.022
2025-06-01 15:51:55,104236.7,0.04
2025-06-01 15:51:56,104236.7,0.001
2025-06-01 15:51:57,104236.6,0.001
2025-06-01 15:51:58,104236.7,0.018
2025-06-01 15:51:59,104236.7,0.001
2025-06-01 15:52:00,104236.7,0.001
2025-06-01 15:52:01,104236.6,0.001
2025-06-01 15:52:02,104236.7,0.002
2025-06-01 15:52:03,104236.7,0.001
2025-06-01 15:52:04,104236.7,0.022
2025-06-01 15:52:05,104236.6,0.007
2025-06-01 15:52:06,104236.6,0.001
2025-06-01 15:52:07,104216.5,0.01
2025-06-01 15:52:09,104202.9,0.001
2025-06-01 15:52:10,104203.0,0.001
2025-06-01 15:52:11,104202.9,0.006
2025-06-01 15:52:12,104203.0,0.001
2025-06-01 15:52:13,104203.0,0.92
2025-06-01 15:52:14,104202.9,0.023
2025-06-01 15:52:17,104203.0,0.037
2025-06-01 15:52:18,104203.0,0.002
2025-06-01 15:52:19,104203.0,0.002
2025-06-01 15:52:20,104202.9,0.001
2025-06-01 15:52:21,104202.9,0.001
2025-06-01 15:52:22,104203.0,0.002
2025-06-01 15:52:23,104202.9,0.049
2025-06-01 15:52:24,104203.0,0.003
2025-06-01 15:52:27,104210.0,0.001
2025-06-01 15:52:28,104210.0,0.008
2025-06-01 15:52:29,104209.9,0.001
2025-06-01 15:52:30,104210.0,0.006
2025-06-01 15:52:31,104209.9,0.005
2025-06-01 15:52:32,104209.9,0.001
2025-06-01 15:52:33,104209.9,0.002
2025-06-01 15:52:34,104209.9,0.015
2025-06-01 15:52:35,104210.0,0.001
2025-06-01 15:52:36,104210.0,0.034
2025-06-01 15:52:37,104215.5,0.066
2025-06-01 15:52:38,104215.6,0.006
2025-06-01 15:52:39,104215.6,0.001
2025-06-01 15:52:40,104215.6,0.027
2025-06-01 15:52:41,104215.5,0.01
2025-06-01 15:52:43,104215.6,0.001
2025-06-01 15:52:44,104215.6,0.005
2025-06-01 15:52:46,104215.6,0.019
2025-06-01 15:52:47,104215.6,0.043
2025-06-01 15:52:48,104223.0,0.001
2025-06-01 15:52:49,104223.0,0.2
2025-06-01 15:52:50,104223.0,0.001
2025-06-01 15:52:51,104222.9,0.085
2025-06-01 15:52:53,104223.0,0.002
2025-06-01 15:52:55,104223.0,0.018
2025-06-01 15:52:57,104223.0,0.004
2025-06-01 15:52:58,104223.0,0.012
2025-06-01 15:53:00,104223.0,0.001
2025-06-01 15:53:02,104223.0,0.021
2025-06-01 15:53:03,104228.2,0.013
2025-06-01 15:53:04,104228.2,0.057
2025-06-01 15:53:05,104233.2,1.076
2025-06-01 15:53:06,104233.2,0.067
2025-06-01 15:53:07,104233.3,0.131
2025-06-01 15:53:10,104233.3,0.005
2025-06-01 15:53:11,104233.2,0.03
2025-06-01 15:53:12,104233.3,0.21
2025-06-01 15:53:13,104233.2,0.001
2025-06-01 15:53:14,104233.3,0.006
2025-06-01 15:53:15,104233.2,0.001
2025-06-01 15:53:16,104233.2,0.214
2025-06-01 15:53:17,104233.2,0.001
2025-06-01 15:53:18,104233.2,0.002
2025-06-01 15:53:19,104233.2,0.003
2025-06-01 15:53:21,104233.2,0.047
2025-06-01 15:53:22,104233.3,0.003
2025-06-01 15:53:24,104233.3,0.001
2025-06-01 15:53:26,104233.3,0.012
2025-06-01 15:53:27,104223.1,0.057
2025-06-01 15:53:28,104219.8,0.004
2025-06-01 15:53:29,104219.8,0.048
2025-06-01 15:53:31,104219.7,0.005
2025-06-01 15:53:32,104219.7,0.004
2025-06-01 15:53:34,104210.9,0.189
2025-06-01 15:53:35,104210.9,0.01
2025-06-01 15:53:36,104211.0,0.002
2025-06-01 15:53:37,104210.9,0.021
2025-06-01 15:53:38,104210.9,0.001
2025-06-01 15:53:40,104211.0,0.004
2025-06-01 15:53:41,104211.0,0.032
2025-06-01 15:53:42,104211.0,0.194
2025-06-01 15:53:44,104210.9,0.027
2025-06-01 15:53:45,104211.0,0.001
2025-06-01 15:53:46,104210.9,0.005
2025-06-01 15:53:47,104210.9,0.002
2025-06-01 15:53:48,104211.0,0.002
2025-06-01 15:53:50,104210.9,0.001
2025-06-01 15:53:51,104211.0,0.004
2025-06-01 15:53:52,104210.9,0.001
2025-06-01 15:53:53,104211.0,0.002
2025-06-01 15:53:55,104211.0,0.071
2025-06-01 15:53:56,104211.0,0.001
2025-06-01 15:53:59,104211.0,0.095
2025-06-01 15:54:00,104211.0,0.003
2025-06-01 15:54:01,104210.9,0.003
2025-06-01 15:54:02,104210.9,0.013
2025-06-01 15:54:03,104211.0,0.043
2025-06-01 15:54:04,104211.0,0.005
2025-06-01 15:54:06,104211.0,0.002
2025-06-01 15:54:08,104210.9,0.003
2025-06-01 15:54:09,104210.9,0.018
2025-06-01 15:54:10,104210.9,0.009
2025-06-01 15:54:11,104211.0,0.005
2025-06-01 15:54:12,104210.9,0.001
2025-06-01 15:54:13,104211.0,0.047
2025-06-01 15:54:14,104211.0,0.004
2025-06-01 15:54:15,104211.0,0.003
2025-06-01 15:54:16,104210.9,0.013
2025-06-01 15:54:17,104211.0,0.003
2025-06-01 15:54:19,104211.0,0.018
2025-06-01 15:54:20,104232.0,0.004
2025-06-01 15:54:21,104232.0,0.007
2025-06-01 15:54:22,104231.9,0.001
2025-06-01 15:54:23,104232.0,0.019
2025-06-01 15:54:24,104231.9,0.41
2025-06-01 15:54:25,104231.9,0.001
2025-06-01 15:54:26,104231.9,0.041
2025-06-01 15:54:27,104231.9,0.001
2025-06-01 15:54:28,104232.0,0.001
2025-06-01 15:54:29,104232.0,0.017
2025-06-01 15:54:30,104232.0,0.091
2025-06-01 15:54:31,104232.0,0.007
2025-06-01 15:54:32,104232.0,0.049
2025-06-01 15:54:34,104232.0,0.001
2025-06-01 15:54:36,104232.0,0.001
2025-06-01 15:54:37,104231.9,0.054
2025-06-01 15:54:39,104232.0,0.04
2025-06-01 15:54:40,104232.0,0.028
2025-06-01 15:54:41,104232.0,0.001
2025-06-01 15:54:42,104238.0,0.005
2025-06-01 15:54:43,104238.1,0.008
2025-06-01 15:54:44,104238.1,0.001
2025-06-01 15:54:45,104238.1,0.003
2025-06-01 15:54:46,104238.1,0.001
2025-06-01 15:54:48,104238.0,0.002
2025-06-01 15:54:49,104238.0,0.001
2025-06-01 15:54:50,104238.1,0.019
2025-06-01 15:54:51,104238.0,0.08
2025-06-01 15:54:52,104238.0,0.071
2025-06-01 15:54:53,104238.1,0.001
2025-06-01 15:54:54,104238.0,0.008
2025-06-01 15:54:55,104238.1,0.026
2025-06-01 15:54:56,104238.1,0.004
2025-06-01 15:54:58,104238.0,0.004
2025-06-01 15:54:59,104238.1,0.001
2025-06-01 15:55:00,104238.1,0.01
2025-06-01 15:55:01,104238.1,0.001
2025-06-01 15:55:02,104238.1,0.01
2025-06-01 15:55:03,104238.1,0.014
2025-06-01 15:55:04,104238.1,0.011
2025-06-01 15:55:05,104238.1,0.081
2025-06-01 15:55:06,104238.1,0.053
2025-06-01 15:55:07,104238.1,0.017
2025-06-01 15:55:08,104238.1,0.064
2025-06-01 15:55:09,104238.0,0.001
2025-06-01 15:55:10,104238.1,0.3
2025-06-01 15:55:12,104238.1,0.006
2025-06-01 15:55:13,104238.1,0.076
2025-06-01 15:55:14,104238.1,0.026
2025-06-01 15:55:15,104238.1,0.001
2025-06-01 15:55:16,104238.0,0.019
2025-06-01 15:55:17,104238.1,0.002
2025-06-01 15:55:19,104238.1,0.002
2025-06-01 15:55:20,104238.1,0.003
2025-06-01 15:55:22,104238.1,0.003
2025-06-01 15:55:23,104238.0,0.002
2025-06-01 15:55:24,104238.1,0.003
2025-06-01 15:55:25,104238.1,0.003
2025-06-01 15:55:26,104238.1,0.008
2025-06-01 15:55:27,104238.1,0.001
2025-06-01 15:55:28,104238.0,0.001
2025-06-01 15:55:29,104238.1,0.005
2025-06-01 15:55:30,104238.1,0.001
2025-06-01 15:55:31,104238.1,0.006
2025-06-01 15:55:33,104238.1,0.019
2025-06-01 15:55:34,104238.0,0.001
2025-06-01 15:55:36,104238.1,0.002
2025-06-01 15:55:37,104238.1,0.141
2025-06-01 15:55:38,104246.0,0.021
2025-06-01 15:55:39,104246.1,0.002
2025-06-01 15:55:40,104255.1,0.142
2025-06-01 15:55:41,104255.1,0.001
2025-06-01 15:55:42,104255.0,0.001
2025-06-01 15:55:43,104255.0,0.579
2025-06-01 15:55:44,104255.1,0.006
2025-06-01 15:55:45,104255.0,0.096
2025-06-01 15:55:46,104255.1,0.002
2025-06-01 15:55:47,104255.1,0.064
2025-06-01 15:55:48,104255.1,0.019
2025-06-01 15:55:49,104255.1,0.019
2025-06-01 15:55:50,104255.0,0.003
2025-06-01 15:55:51,104255.1,0.001
2025-06-01 15:55:52,104255.1,0.008
2025-06-01 15:55:53,104255.0,0.014
2025-06-01 15:55:54,104255.1,0.001
2025-06-01 15:55:55,104255.1,0.002
2025-06-01 15:55:58,104255.1,0.011
2025-06-01 15:55:59,104255.1,0.001
2025-06-01 15:56:00,104255.1,0.082
2025-06-01 15:56:01,104255.1,0.005
2025-06-01 15:56:03,104255.1,0.002
2025-06-01 15:56:04,104255.1,0.06
2025-06-01 15:56:05,104255.1,0.016
2025-06-01 15:56:06,104255.1,0.002
2025-06-01 15:56:07,104255.1,0.006
2025-06-01 15:56:08,104255.1,0.004
2025-06-01 15:56:10,104255.0,0.001
2025-06-01 15:56:11,104255.1,0.007
2025-06-01 15:56:12,104241.5,0.019
2025-06-01 15:56:13,104241.4,1.161
2025-06-01 15:56:16,104241.4,0.001
2025-06-01 15:56:17,104241.4,0.001
2025-06-01 15:56:18,104241.5,0.009
2025-06-01 15:56:20,104241.5,0.004
2025-06-01 15:56:21,104241.4,0.001
2025-06-01 15:56:23,104241.4,0.217
2025-06-01 15:56:24,104241.5,0.025
2025-06-01 15:56:25,104241.5,0.001
2025-06-01 15:56:26,104241.4,0.004
2025-06-01 15:56:27,104241.5,0.009
2025-06-01 15:56:28,104241.4,0.014
2025-06-01 15:56:30,104241.5,0.01
2025-06-01 15:56:32,104241.5,0.009
2025-06-01 15:56:33,104241.4,0.001
2025-06-01 15:56:34,104241.5,0.001
2025-06-01 15:56:35,104241.5,0.015
2025-06-01 15:56:36,104241.4,0.001
2025-06-01 15:56:37,104241.5,0.01
2025-06-01 15:56:38,104241.5,0.001
2025-06-01 15:56:39,104241.5,0.029
2025-06-01 15:56:40,104241.5,0.2
2025-06-01 15:56:42,104241.5,0.202
2025-06-01 15:56:43,104241.4,0.002
2025-06-01 15:56:45,104241.4,0.004
2025-06-01 15:56:46,104241.5,0.014
2025-06-01 15:56:47,104241.5,0.006
2025-06-01 15:56:48,104241.5,0.004
2025-06-01 15:56:51,104241.5,0.001
2025-06-01 15:56:52,104241.5,0.002
2025-06-01 15:56:53,104241.5,0.225
2025-06-01 15:56:54,104241.4,0.001
2025-06-01 15:56:57,104241.4,0.015
2025-06-01 15:56:58,104241.5,0.001
2025-06-01 15:56:59,104241.4,0.003
2025-06-01 15:57:00,104241.5,0.007
2025-06-01 15:57:01,104241.5,0.001
2025-06-01 15:57:02,104241.4,0.001
2025-06-01 15:57:03,104241.5,0.004
2025-06-01 15:57:05,104241.5,0.007
2025-06-01 15:57:06,104241.5,0.002
2025-06-01 15:57:08,104241.4,0.02
2025-06-01 15:57:10,104241.5,0.09
2025-06-01 15:57:11,104241.4,0.008
2025-06-01 15:57:12,104241.4,0.003
2025-06-01 15:57:13,104241.4,0.001
2025-06-01 15:57:14,104241.4,0.003
2025-06-01 15:57:16,104241.4,0.001
2025-06-01 15:57:17,104241.5,0.001
2025-06-01 15:57:19,104241.4,0.015
2025-06-01 15:57:20,104241.5,0.001
2025-06-01 15:57:22,104241.5,0.013
2025-06-01 15:57:23,104241.4,0.017
2025-06-01 15:57:24,104241.5,0.017
2025-06-01 15:57:26,104241.5,0.005
2025-06-01 15:57:27,104241.5,0.057
2025-06-01 15:57:29,104241.4,0.005
2025-06-01 15:57:30,104241.5,0.001
2025-06-01 15:57:31,104241.4,0.001
2025-06-01 15:57:32,104241.4,0.013
2025-06-01 15:57:34,104241.4,0.021
2025-06-01 15:57:35,104241.4,0.225
2025-06-01 15:57:36,104224.2,0.029
2025-06-01 15:57:38,104213.5,0.045
2025-06-01 15:57:39,104213.6,0.004
2025-06-01 15:57:40,104213.6,0.02
2025-06-01 15:57:41,104213.6,0.008
2025-06-01 15:57:42,104213.5,0.002
2025-06-01 15:57:43,104213.6,0.013
2025-06-01 15:57:45,104213.6,0.002
2025-06-01 15:57:46,104213.5,0.127
2025-06-01 15:57:47,104213.6,0.047
2025-06-01 15:57:48,104213.5,0.001
2025-06-01 15:57:49,104213.5,0.011
2025-06-01 15:57:50,104213.6,0.032
2025-06-01 15:57:51,104213.5,0.002
2025-06-01 15:57:54,104213.5,0.007
2025-06-01 15:57:55,104213.5,0.002
2025-06-01 15:57:56,104213.6,0.019
2025-06-01 15:57:58,104213.6,0.001
2025-06-01 15:57:59,104213.5,0.001
2025-06-01 15:58:00,104213.6,0.001
2025-06-01 15:58:01,104213.6,0.001
2025-06-01 15:58:03,104213.5,0.3
2025-06-01 15:58:05,104213.6,0.006
2025-06-01 15:58:07,104213.5,0.002
2025-06-01 15:58:08,104213.6,0.005
2025-06-01 15:58:10,104213.6,0.002
2025-06-01 15:58:11,104213.5,0.002
2025-06-01 15:58:12,104213.5,0.002
2025-06-01 15:58:13,104213.5,0.092
2025-06-01 15:58:14,104213.6,0.024
2025-06-01 15:58:16,104213.5,0.158
2025-06-01 15:58:17,104213.5,0.031
2025-06-01 15:58:18,104213.6,0.004
2025-06-01 15:58:19,104213.6,1.772
2025-06-01 15:58:20,104213.6,0.007
2025-06-01 15:58:21,104213.5,0.001
2025-06-01 15:58:22,104213.5,0.001
2025-06-01 15:58:23,104213.5,0.001
2025-06-01 15:58:24,104213.6,0.001
2025-06-01 15:58:26,104213.5,0.001
2025-06-01 15:58:27,104213.5,0.001
2025-06-01 15:58:32,104213.5,0.028
2025-06-01 15:58:33,104223.9,0.003
2025-06-01 15:58:34,104226.1,0.062
2025-06-01 15:58:35,104226.2,0.016
2025-06-01 15:58:36,104226.2,0.467
2025-06-01 15:58:37,104226.1,0.001
2025-06-01 15:58:38,104226.1,0.143
2025-06-01 15:58:39,104226.2,0.002
2025-06-01 15:58:40,104226.1,0.004
2025-06-01 15:58:42,104226.2,0.006
2025-06-01 15:58:43,104230.9,0.012
2025-06-01 15:58:45,104230.9,0.004
2025-06-01 15:58:46,104230.9,0.076
2025-06-01 15:58:49,104231.0,0.01
2025-06-01 15:58:50,104230.9,0.041
2025-06-01 15:58:51,104230.9,0.025
2025-06-01 15:58:53,104231.0,0.001
2025-06-01 15:58:54,104231.0,0.006
2025-06-01 15:58:55,104231.0,0.2
2025-06-01 15:58:56,104231.0,0.002
2025-06-01 15:58:57,104231.0,0.124
2025-06-01 15:58:58,104231.0,0.002
2025-06-01 15:58:59,104230.9,0.004
2025-06-01 15:59:00,104230.9,0.002
2025-06-01 15:59:01,104231.0,0.004
2025-06-01 15:59:03,104231.0,0.03
2025-06-01 15:59:04,104230.9,0.003
2025-06-01 15:59:05,104230.9,0.002
2025-06-01 15:59:06,104230.9,0.214
2025-06-01 15:59:07,104231.0,0.002
2025-06-01 15:59:08,104230.9,0.002
2025-06-01 15:59:11,104231.0,0.02
2025-06-01 15:59:12,104230.9,0.001
2025-06-01 15:59:13,104231.0,0.004
2025-06-01 15:59:14,104230.9,0.017
2025-06-01 15:59:16,104231.0,0.032
2025-06-01 15:59:17,104230.9,0.006
2025-06-01 15:59:18,104230.9,0.002
2025-06-01 15:59:19,104231.0,0.013
2025-06-01 15:59:20,104230.9,0.002
2025-06-01 15:59:22,104230.9,0.025
2025-06-01 15:59:23,104231.0,0.005
2025-06-01 15:59:24,104230.9,0.001
2025-06-01 15:59:25,104230.9,0.001
2025-06-01 15:59:26,104230.9,0.143
2025-06-01 15:59:27,104231.0,0.001
2025-06-01 15:59:28,104230.9,0.002
2025-06-01 15:59:29,104230.9,0.026
2025-06-01 15:59:30,104231.0,0.31
2025-06-01 15:59:31,104231.0,0.01
2025-06-01 15:59:32,104230.9,0.038
2025-06-01 15:59:33,104231.0,0.35
2025-06-01 15:59:34,104231.0,0.041
2025-06-01 15:59:35,104230.9,0.004
2025-06-01 16:00:11,104231.0,0.006
2025-06-01 16:00:12,104231.0,0.01
2025-06-01 16:00:13,104231.0,0.002
2025-06-01 16:00:14,104230.9,0.012
2025-06-01 16:00:16,104231.0,0.057
2025-06-01 16:00:17,104231.0,0.001
2025-06-01 16:00:18,104230.9,0.001
2025-06-01 16:00:19,104231.0,0.014
2025-06-01 16:00:20,104230.9,0.001
2025-06-01 16:00:21,104230.9,0.278
2025-06-01 16:00:22,104231.0,0.01
2025-06-01 16:00:23,104231.0,0.141
2025-06-01 16:00:24,104253.1,0.009
2025-06-01 16:00:25,104253.1,0.008
2025-06-01 16:00:26,104253.1,0.047
2025-06-01 16:00:27,104253.1,0.009
2025-06-01 16:00:28,104253.0,0.003
2025-06-01 16:00:29,104253.0,0.002
2025-06-01 16:00:30,104253.0,0.002
2025-06-01 16:00:31,104253.0,0.191
2025-06-01 16:00:32,104253.1,0.025
2025-06-01 16:00:33,104253.1,0.013
2025-06-01 16:00:34,104261.4,0.002
2025-06-01 16:00:35,104261.4,0.01
2025-06-01 16:00:36,104261.4,0.009
2025-06-01 16:00:37,104253.0,0.001
2025-06-01 16:00:38,104243.5,0.014
2025-06-01 16:00:39,104233.9,0.002
2025-06-01 16:00:40,104233.8,0.002
2025-06-01 16:00:41,104233.8,0.001
2025-06-01 16:00:42,104233.9,0.009
2025-06-01 16:00:43,104233.9,0.722
2025-06-01 16:00:44,104242.5,0.209
2025-06-01 16:00:45,104242.5,0.033
2025-06-01 16:00:46,104242.5,0.002
2025-06-01 16:00:47,104239.3,2.134
2025-06-01 16:00:48,104242.5,0.016
2025-06-01 16:00:49,104242.6,0.007
2025-06-01 16:00:50,104242.5,0.002
2025-06-01 16:00:51,104245.9,0.004
2025-06-01 16:00:52,104246.0,0.01
2025-06-01 16:00:53,104246.0,0.131
2025-06-01 16:00:54,104252.5,0.002
2025-06-01 16:00:55,104242.5,0.002
2025-06-01 16:00:56,104242.6,0.009
2025-06-01 16:00:58,104242.6,0.002
2025-06-01 16:00:59,104242.6,0.033
2025-06-01 16:01:00,104242.6,0.009
2025-06-01 16:01:01,104242.6,0.006
2025-06-01 16:01:02,104242.5,0.001
2025-06-01 16:01:03,104242.6,0.005
2025-06-01 16:01:04,104242.6,0.007
2025-06-01 16:01:05,104242.5,0.003
2025-06-01 16:01:06,104242.5,0.191
2025-06-01 16:01:07,104242.5,0.001
2025-06-01 16:01:08,104242.6,0.003
2025-06-01 16:01:09,104242.6,0.04
2025-06-01 16:01:10,104242.5,0.002
2025-06-01 16:01:11,104242.6,0.009
2025-06-01 16:01:12,104242.5,0.1
2025-06-01 16:01:13,104242.5,0.001
2025-06-01 16:01:14,104242.6,0.034
2025-06-01 16:01:15,104242.5,0.002
2025-06-01 16:01:16,104242.5,0.056
2025-06-01 16:01:17,104242.5,0.001
2025-06-01 16:01:18,104242.5,0.003
2025-06-01 16:01:19,104242.6,0.034
2025-06-01 16:01:20,104242.5,0.002
2025-06-01 16:01:21,104242.6,0.01
2025-06-01 16:01:23,104242.6,0.029
2025-06-01 16:01:24,104242.5,0.002
2025-06-01 16:01:25,104242.5,0.002
2025-06-01 16:01:26,104242.5,0.001
2025-06-01 16:01:27,104252.6,0.123
