timestamp,price,qty
2025-05-23 15:12:19,110658.90,0.006
2025-05-23 15:12:21,110662.00,0.009
2025-05-23 15:12:23,110668.10,0.002
2025-05-23 15:12:25,110674.20,0.008
2025-05-23 15:12:28,110685.10,0.018
2025-05-23 15:30:38,110751.40,0.016
2025-05-23 15:30:40,110751.30,0.020
2025-05-23 15:30:42,110751.30,0.003
2025-05-23 15:30:45,110751.30,0.032
2025-05-23 15:30:47,110751.30,0.012
2025-05-23 15:30:49,110745.00,0.002
2025-05-23 15:30:51,110744.70,0.270
2025-05-23 15:30:54,110741.90,0.006
2025-05-23 15:30:56,110740.00,0.031
2025-05-23 15:30:58,110737.20,0.199
2025-05-23 15:31:00,110737.30,0.009
2025-05-23 15:31:03,110737.30,0.003
2025-05-23 15:31:05,110737.30,0.001
2025-05-23 15:31:07,110749.10,0.001
2025-05-23 15:31:09,110751.40,0.001
2025-05-23 15:31:11,110752.70,0.001
2025-05-23 15:31:14,110753.80,0.037
2025-05-23 15:31:16,110756.80,0.002
2025-05-23 15:31:18,110757.70,0.001
2025-05-23 15:31:20,110760.00,0.001
2025-05-23 15:31:23,110761.50,0.001
2025-05-23 15:31:25,110765.70,0.004
2025-05-23 15:31:27,110765.70,0.001
2025-05-23 15:31:29,110765.70,0.002
2025-05-23 15:31:32,110765.60,0.001
2025-05-23 15:31:34,110765.60,0.002
2025-05-23 15:31:36,110765.60,0.032
2025-05-23 15:31:38,110765.60,0.006
2025-05-23 15:31:41,110754.90,0.003
2025-05-23 15:31:43,110754.90,0.013
2025-05-23 15:31:45,110754.90,0.002
2025-05-23 15:31:47,110755.00,0.001
2025-05-23 15:31:50,110755.40,0.001
2025-05-23 15:31:52,110757.00,0.001
2025-05-23 15:31:54,110759.30,0.002
2025-05-23 15:31:56,110760.20,0.006
2025-05-23 15:31:59,110763.30,0.001
2025-05-23 15:32:01,110763.20,0.044
2025-05-23 15:32:03,110759.40,0.002
2025-05-23 15:32:05,110755.10,0.045
2025-05-23 15:32:08,110753.20,0.080
2025-05-23 15:32:10,110750.50,0.002
2025-05-23 15:32:12,110748.70,0.027
2025-05-23 15:32:14,110747.80,0.040
2025-05-23 15:32:16,110747.30,0.014
2025-05-23 15:32:19,110751.30,0.001
2025-05-23 15:32:21,110754.80,0.003
2025-05-23 15:32:23,110776.20,0.001
2025-05-23 15:32:25,110793.60,0.113
2025-05-23 15:32:28,110800.00,0.002
2025-05-23 15:32:30,110800.00,0.002
2025-05-23 15:32:32,110800.00,0.001
2025-05-23 15:32:34,110805.60,0.740
2025-05-23 15:32:37,110805.60,0.001
2025-05-23 15:32:39,110805.90,0.011
2025-05-23 15:32:41,110809.90,0.002
2025-05-23 15:32:43,110810.00,0.001
2025-05-23 15:32:46,110810.00,0.001
2025-05-23 15:32:48,110810.00,0.008
2025-05-23 15:32:50,110812.00,0.008
2025-05-23 15:32:52,110815.00,0.001
2025-05-23 15:32:55,110817.80,0.004
2025-05-23 15:32:57,110817.90,0.087
2025-05-23 15:32:59,110818.00,0.002
2025-05-23 15:33:01,110819.90,0.016
2025-05-23 15:33:04,110819.80,0.007
2025-05-23 15:33:06,110819.40,0.031
2025-05-23 15:33:08,110814.10,0.001
2025-05-23 15:33:10,110814.20,0.010
2025-05-23 15:33:34,110809.70,0.002
2025-05-23 15:33:36,110811.70,0.002
2025-05-23 15:33:39,110814.60,0.002
2025-05-23 15:33:41,110815.00,0.088
2025-05-23 15:33:43,110815.00,0.007
2025-05-23 15:33:45,110812.60,0.001
2025-05-23 15:33:47,110807.00,0.001
2025-05-23 15:33:50,110807.00,0.611
2025-05-23 15:33:52,110807.00,0.001
2025-05-23 15:33:54,110806.40,0.002
2025-05-23 15:33:56,110806.40,0.039
2025-05-23 15:33:59,110803.80,0.036
2025-05-23 15:34:01,110800.00,0.010
2025-05-23 15:34:03,110800.30,0.001
2025-05-23 15:34:05,110800.30,0.002
2025-05-23 15:34:08,110800.30,0.100
2025-05-23 15:34:10,110796.50,0.009
2025-05-23 15:34:12,110787.70,0.001
2025-05-23 15:34:14,110782.80,0.146
2025-05-23 15:34:17,110779.00,0.113
2025-05-23 15:34:19,110777.20,0.002
2025-05-23 15:34:21,110776.70,0.001
2025-05-23 15:34:23,110773.60,0.002
2025-05-23 15:34:26,110782.90,0.573
2025-05-23 15:34:28,110780.80,0.001
2025-05-23 15:34:30,110780.40,0.001
2025-05-23 15:34:32,110782.70,0.002
2025-05-23 15:34:35,110782.70,0.020
2025-05-23 15:34:37,110782.60,0.009
2025-05-23 15:34:39,110782.70,0.001
2025-05-23 15:34:41,110773.40,0.001
2025-05-23 15:34:44,110772.50,0.004
2025-05-23 15:34:46,110772.40,0.180
2025-05-23 15:34:48,110772.40,0.001
2025-05-23 15:34:50,110772.50,0.126
2025-05-23 15:34:53,110772.50,0.003
2025-05-23 15:34:55,110772.60,0.001
2025-05-23 15:34:57,110773.40,0.007
2025-05-23 15:34:59,110773.40,0.009
2025-05-23 15:35:02,110764.70,0.002
2025-05-23 15:35:04,110759.50,0.027
2025-05-23 15:35:06,110763.70,0.114
2025-05-23 15:35:08,110767.70,0.005
2025-05-23 15:35:11,110767.20,0.001
2025-05-23 15:35:13,110762.40,0.001
2025-05-23 15:35:15,110760.80,0.004
2025-05-23 15:35:17,110760.40,0.001
2025-05-23 15:35:20,110758.40,0.001
2025-05-23 15:35:22,110750.00,0.045
2025-05-23 15:35:24,110750.00,0.007
2025-05-23 15:35:26,110750.00,0.001
2025-05-23 15:35:29,110750.00,0.001
2025-05-23 15:35:31,110747.00,0.001
2025-05-23 15:35:33,110743.90,0.001
2025-05-23 15:35:36,110743.70,0.028
2025-05-23 15:35:38,110740.50,0.001
2025-05-23 15:35:40,110738.10,0.001
2025-05-23 15:35:42,110731.50,0.003
2025-05-23 15:35:45,110731.50,0.003
2025-05-23 15:35:47,110731.50,0.059
2025-05-23 15:35:49,110731.60,0.217
2025-05-23 15:35:51,110731.60,0.001
2025-05-23 15:35:54,110731.50,0.001
2025-05-23 15:35:56,110731.50,0.001
2025-05-23 15:35:58,110730.00,0.003
2025-05-23 15:36:00,110729.30,0.001
2025-05-23 15:36:03,110728.50,0.001
2025-05-23 15:36:05,110720.60,0.015
2025-05-23 15:36:07,110720.50,0.005
2025-05-23 15:36:09,110720.50,0.001
2025-05-23 15:36:12,110720.50,0.018
2025-05-23 15:36:14,110712.80,0.207
2025-05-23 15:36:16,110712.90,0.071
2025-05-23 15:36:18,110712.90,0.001
2025-05-23 15:36:21,110712.90,0.014
2025-05-23 15:36:23,110712.90,0.001
2025-05-23 15:36:25,110712.90,0.467
2025-05-23 15:36:27,110712.90,0.038
2025-05-23 15:36:29,110712.90,0.003
2025-05-23 15:36:32,110713.80,0.001
2025-05-23 15:36:34,110717.60,0.001
2025-05-23 15:36:36,110718.70,0.002
2025-05-23 15:36:38,110719.90,0.139
2025-05-23 15:36:41,110719.90,0.002
2025-05-23 15:36:43,110719.20,0.004
2025-05-23 15:36:45,110717.50,0.024
2025-05-23 15:36:47,110716.40,0.036
2025-05-23 15:36:50,110717.10,0.023
2025-05-23 15:36:52,110717.00,0.070
2025-05-23 15:36:54,110717.00,0.003
2025-05-23 15:36:56,110717.00,0.004
2025-05-23 15:36:59,110717.00,0.004
2025-05-23 15:37:01,110716.90,0.001
2025-05-23 15:37:03,110716.90,0.003
2025-05-23 15:37:05,110716.90,0.005
2025-05-23 15:37:08,110716.90,0.051
2025-05-23 15:37:10,110717.00,0.029
2025-05-23 15:37:12,110717.00,0.009
2025-05-23 15:37:14,110717.00,0.100
2025-05-23 15:37:17,110716.90,0.022
2025-05-23 15:37:19,110717.00,0.021
2025-05-23 15:37:21,110717.00,0.196
2025-05-23 15:37:23,110715.70,0.001
2025-05-23 15:37:26,110713.00,0.458
2025-05-23 15:37:28,110712.70,0.007
2025-05-23 15:37:30,110712.70,0.004
2025-05-23 15:37:32,110712.80,0.040
2025-05-23 15:37:35,110712.80,0.100
2025-05-23 15:37:37,110712.80,0.009
2025-05-23 15:37:39,110712.90,0.007
2025-05-23 15:37:41,110713.30,0.019
2025-05-23 15:37:43,110715.00,0.002
2025-05-23 15:37:46,110715.20,0.004
2025-05-23 15:37:48,110715.20,0.009
2025-05-23 15:37:50,110715.10,0.002
2025-05-23 15:37:52,110715.10,0.001
2025-05-23 15:37:55,110715.20,0.023
2025-05-23 15:37:57,110715.20,0.004
2025-05-23 15:37:59,110715.20,0.006
2025-05-23 15:38:01,110715.10,0.002
2025-05-23 15:43:43,110685.70,0.008
2025-05-23 15:43:45,110685.70,0.004
2025-05-23 15:43:47,110690.60,0.001
2025-05-23 15:43:50,110699.20,0.001
2025-05-23 15:43:52,110699.20,0.014
2025-05-23 15:43:54,110699.30,0.027
2025-05-23 15:43:56,110699.10,0.001
2025-05-23 15:43:59,110695.50,0.023
2025-05-23 15:44:01,110676.20,0.080
2025-05-23 15:44:03,110667.50,0.002
2025-05-23 15:44:05,110672.00,0.006
2025-05-23 15:44:08,110672.10,0.003
2025-05-23 15:44:10,110678.30,0.002
2025-05-23 15:44:12,110680.20,0.445
2025-05-23 15:44:14,110697.50,0.009
2025-05-23 15:44:17,110699.10,0.088
2025-05-23 15:44:19,110699.20,0.001
2025-05-23 15:44:21,110699.30,0.001
2025-05-23 15:44:23,110699.30,0.002
2025-05-23 15:44:26,110705.40,0.014
2025-05-23 15:44:28,110708.90,0.001
2025-05-23 15:44:30,110709.90,0.009
2025-05-23 15:44:32,110709.90,0.300
2025-05-23 15:44:34,110709.90,0.001
2025-05-23 15:44:37,110710.50,0.001
2025-05-23 15:44:39,110715.00,0.001
2025-05-23 15:44:41,110717.50,0.006
2025-05-23 15:44:43,110717.50,0.001
2025-05-23 15:44:46,110717.40,0.002
2025-05-23 15:44:48,110717.50,0.005
2025-05-23 15:44:50,110717.50,0.010
2025-05-23 15:44:52,110718.20,0.001
2025-05-23 15:44:55,110719.30,0.001
2025-05-23 15:44:57,110726.70,0.002
2025-05-23 15:44:59,110727.10,0.002
2025-05-23 15:45:01,110727.90,0.001
2025-05-23 15:45:04,110727.80,0.003
2025-05-23 15:45:06,110727.90,0.019
2025-05-23 15:45:08,110727.80,0.189
2025-05-23 15:45:10,110727.80,0.088
2025-05-23 15:45:13,110727.80,0.070
2025-05-23 15:45:15,110727.90,0.007
2025-05-23 15:45:17,110727.90,0.960
2025-05-23 15:45:19,110727.10,0.001
2025-05-23 15:45:21,110714.30,0.002
2025-05-23 15:45:24,110713.50,0.007
2025-05-23 15:45:26,110712.40,0.002
2025-05-23 15:45:28,110710.00,0.001
2025-05-23 15:45:30,110713.00,0.001
2025-05-23 15:45:33,110711.10,0.024
2025-05-23 15:45:35,110707.10,0.160
2025-05-23 15:45:37,110709.60,0.001
2025-05-23 15:45:39,110713.30,0.451
2025-05-23 15:45:42,110713.30,0.311
2025-05-23 15:45:44,110713.20,0.003
2025-05-23 15:45:46,110713.20,0.001
2025-05-23 15:45:48,110709.90,0.002
2025-05-23 15:45:51,110707.10,0.020
2025-05-23 15:45:53,110709.30,0.001
2025-05-23 15:45:55,110703.80,0.001
2025-05-23 15:45:57,110702.40,0.003
2025-05-23 15:46:00,110716.30,0.001
2025-05-23 15:46:02,110703.70,0.002
2025-05-23 15:46:04,110701.40,0.002
2025-05-23 15:46:06,110693.60,0.020
2025-05-23 15:46:09,110687.00,0.995
2025-05-23 15:46:11,110679.20,0.136
2025-05-23 15:46:13,110673.80,0.001
2025-05-23 15:46:15,110672.80,0.001
2025-05-23 15:46:18,110669.20,0.007
2025-05-23 15:46:20,110669.30,0.003
2025-05-23 15:46:22,110669.20,0.004
2025-05-23 15:46:24,110650.40,0.017
2025-05-23 15:46:27,110650.00,0.028
2025-05-23 15:46:29,110650.00,0.144
2025-05-23 15:46:31,110643.10,0.045
2025-05-23 15:46:33,110643.10,0.037
2025-05-23 15:46:35,110643.10,0.044
2025-05-23 15:46:38,110643.30,0.002
2025-05-23 15:46:40,110650.00,0.001
2025-05-23 15:46:42,110652.20,0.002
2025-05-23 15:46:44,110662.40,0.036
2025-05-23 15:46:47,110662.10,0.002
2025-05-23 15:46:49,110643.10,0.005
2025-05-23 15:46:51,110643.10,0.003
2025-05-23 15:46:53,110643.10,0.002
2025-05-23 15:46:56,110642.60,0.001
2025-05-23 15:46:58,110642.20,0.001
2025-05-23 15:47:00,110640.00,0.007
2025-05-23 15:47:02,110637.50,0.007
2025-05-23 15:47:05,110637.60,0.450
2025-05-23 15:47:07,110637.60,0.001
2025-05-23 15:47:09,110639.60,0.002
2025-05-23 15:47:11,110642.10,0.001
2025-05-23 15:47:14,110642.40,0.019
2025-05-23 15:47:16,110642.70,0.097
2025-05-23 15:47:18,110643.30,0.015
2025-05-23 15:47:20,110654.90,0.004
2025-05-23 15:47:23,110654.80,0.038
2025-05-23 15:47:25,110654.80,0.005
2025-05-23 15:47:27,110653.80,0.001
2025-05-23 15:47:29,110646.90,0.001
2025-05-23 15:47:31,110643.70,0.003
2025-05-23 15:47:34,110642.90,0.001
2025-05-23 15:47:36,110639.00,0.002
2025-05-23 15:47:38,110637.50,0.103
2025-05-23 15:47:40,110637.50,0.007
2025-05-23 15:47:43,110634.80,0.003
2025-05-23 15:47:45,110634.80,0.002
2025-05-23 15:47:47,110634.40,0.002
2025-05-23 15:47:49,110634.00,0.004
2025-05-23 15:47:52,110634.00,0.003
2025-05-23 15:47:54,110634.00,0.001
2025-05-23 15:47:56,110634.00,0.002
2025-05-23 15:47:58,110634.00,0.304
2025-05-23 15:48:01,110634.00,0.006
2025-05-23 15:48:03,110634.00,0.010
2025-05-23 15:48:05,110637.60,0.001
2025-05-23 15:48:07,110637.60,0.001
2025-05-23 15:48:10,110645.90,0.020
2025-05-23 15:48:12,110645.80,0.003
2025-05-23 15:48:14,110645.90,0.040
2025-05-23 15:48:16,110645.80,0.001
2025-05-23 15:48:18,110645.80,0.001
2025-05-23 15:48:21,110645.80,0.027
2025-05-23 15:48:23,110645.90,0.349
2025-05-23 15:48:25,110645.80,0.004
2025-05-23 15:48:27,110643.50,0.001
2025-05-23 15:48:30,110640.00,0.542
2025-05-23 15:48:32,110638.30,0.003
2025-05-23 15:48:34,110638.30,0.047
2025-05-23 15:48:36,110638.20,0.009
2025-05-23 15:48:39,110634.90,0.001
2025-05-23 15:48:41,110634.00,0.105
2025-05-23 15:48:43,110630.50,0.002
2025-05-23 15:48:45,110630.50,0.006
2025-05-23 15:48:48,110630.50,0.001
2025-05-23 15:48:50,110623.00,0.018
2025-05-23 15:48:52,110623.10,0.011
2025-05-23 15:48:54,110623.00,0.001
2025-05-23 15:48:57,110622.70,0.004
2025-05-23 15:48:59,110622.80,0.029
2025-05-23 15:49:01,110622.70,0.018
2025-05-23 15:49:03,110622.80,0.002
2025-05-23 15:49:05,110622.70,0.204
2025-05-23 15:49:08,110622.80,0.001
2025-05-23 15:49:10,110615.90,0.010
2025-05-23 15:49:12,110615.90,0.169
2025-05-23 15:49:14,110615.90,0.003
2025-05-23 15:49:17,110615.80,0.001
2025-05-23 15:49:19,110615.70,0.002
2025-05-23 15:49:21,110615.60,0.014
2025-05-23 15:49:23,110612.10,0.001
2025-05-23 15:49:26,110612.10,0.002
2025-05-23 15:49:28,110612.00,0.001
2025-05-23 15:49:30,110612.10,0.002
2025-05-23 15:49:32,110612.10,0.512
2025-05-23 15:49:35,110612.10,0.003
2025-05-23 15:49:37,110612.10,0.007
2025-05-23 15:49:39,110612.10,0.031
2025-05-23 15:49:41,110615.70,0.026
2025-05-23 15:49:44,110616.00,0.035
2025-05-23 15:49:46,110622.50,0.001
2025-05-23 15:49:48,110622.90,0.002
2025-05-23 15:49:50,110626.30,0.001
2025-05-23 15:49:53,110626.30,0.002
2025-05-23 15:49:55,110624.70,0.001
2025-05-23 15:49:57,110618.50,0.002
2025-05-23 15:49:59,110618.40,0.018
2025-05-23 15:50:02,110618.50,0.009
2025-05-23 15:50:04,110619.00,0.036
2025-05-23 15:50:06,110616.20,0.004
2025-05-23 20:35:26,108485.90,0.034
2025-05-23 20:35:28,108470.30,0.016
2025-05-23 20:35:30,108458.10,0.188
2025-05-23 20:35:33,108447.90,0.001
2025-05-23 20:35:35,108451.30,0.002
2025-05-23 20:35:37,108457.10,0.001
2025-05-23 20:35:40,108480.20,0.007
2025-05-23 20:35:42,108487.50,0.001
2025-05-23 20:35:44,108479.10,0.001
2025-05-23 20:35:47,108452.30,0.699
2025-05-23 20:35:49,108434.50,0.037
2025-05-23 20:35:51,108448.70,0.166
2025-05-23 20:35:54,108442.20,0.002
2025-05-23 20:35:56,108452.00,0.003
2025-05-23 20:35:58,108448.60,0.005
2025-05-23 20:36:01,108443.30,0.002
2025-05-23 20:36:03,108472.30,0.001
2025-05-23 20:36:05,108443.60,0.003
2025-05-23 20:36:08,108450.80,0.001
2025-05-23 20:36:10,108460.50,0.001
2025-05-23 20:36:13,108496.40,0.011
2025-05-23 20:36:16,108491.60,0.005
2025-05-23 20:36:19,108499.60,0.002
2025-05-23 20:36:21,108558.20,0.001
2025-05-23 20:36:23,108568.80,0.023
2025-05-23 20:36:25,108604.30,0.002
2025-05-23 20:36:28,108615.00,0.002
2025-05-23 20:36:30,108587.20,0.002
2025-05-23 20:36:33,108526.10,0.002
2025-05-23 20:36:35,108509.50,0.184
2025-05-23 20:36:38,108513.70,0.002
2025-05-23 20:36:40,108558.70,0.001
2025-05-23 20:36:42,108543.20,0.148
2025-05-23 20:36:45,108521.30,0.010
2025-05-23 20:36:47,108562.90,0.001
2025-05-23 20:36:49,108566.90,0.031
2025-05-23 20:36:51,108599.40,0.003
2025-05-23 20:36:54,108640.90,0.002
2025-05-23 20:36:56,108663.60,0.165
2025-05-23 20:36:58,108652.80,0.330
2025-05-23 20:37:01,108634.50,0.002
2025-05-23 20:37:03,108598.70,0.001
2025-05-23 20:37:05,108559.50,0.003
2025-05-23 20:37:08,108555.90,0.001
2025-05-23 20:37:10,108575.70,0.001
2025-05-23 20:37:12,108575.70,0.005
2025-05-23 20:37:15,108595.60,0.001
2025-05-23 20:37:17,108601.30,1.200
2025-05-23 20:37:19,108560.10,0.001
2025-05-23 20:37:22,108566.40,0.006
2025-05-23 20:37:24,108593.20,0.003
2025-05-23 20:37:26,108608.90,0.002
2025-05-23 20:37:29,108600.80,0.009
2025-05-23 20:37:31,108575.30,0.002
2025-05-23 20:37:33,108587.80,0.002
2025-05-23 20:37:36,108590.30,0.002
2025-05-23 20:37:38,108574.40,0.027
2025-05-23 20:37:40,108562.30,0.001
2025-05-23 20:37:43,108568.70,0.002
2025-05-23 20:37:45,108574.20,0.152
2025-05-23 20:37:47,108572.80,0.001
2025-05-23 20:37:50,108562.40,0.001
2025-05-23 20:37:52,108567.60,0.001
2025-05-23 20:37:54,108563.00,0.005
2025-05-23 20:37:56,108557.80,0.002
2025-05-23 20:37:59,108559.20,0.001
2025-05-23 20:38:01,108562.90,0.051
2025-05-23 20:38:03,108563.20,0.001
2025-05-23 20:38:06,108581.40,0.001
2025-05-23 20:38:08,108590.00,0.001
2025-05-23 20:38:10,108597.20,0.002
2025-05-23 20:38:13,108624.10,0.017
2025-05-23 20:38:15,108628.70,0.320
2025-05-23 20:38:17,108619.60,0.001
2025-05-23 20:38:20,108647.00,0.103
2025-05-23 20:38:22,108665.00,0.024
2025-05-23 20:38:24,108659.20,0.002
2025-05-23 20:38:27,108642.60,0.001
2025-05-23 20:38:29,108615.90,0.003
2025-05-23 20:38:31,108595.60,0.001
2025-05-23 20:38:34,108651.80,0.080
2025-05-23 20:38:36,108620.00,0.001
2025-05-23 20:38:38,108646.50,0.699
2025-05-23 20:38:41,108649.30,0.440
2025-05-23 20:38:43,108685.70,0.001
2025-05-23 20:38:45,108698.90,0.200
2025-05-23 20:38:47,108694.60,0.049
2025-05-23 20:38:50,108674.10,0.287
2025-05-23 20:38:52,108665.40,0.001
2025-05-23 20:38:54,108665.80,0.402
2025-05-23 20:38:57,108700.10,0.028
2025-05-23 20:38:59,108731.90,0.001
2025-05-23 20:39:01,108718.10,0.001
2025-05-23 20:39:04,108704.80,0.001
2025-05-23 20:39:06,108682.00,0.016
2025-05-23 20:39:08,108672.40,0.002
2025-05-23 20:39:11,108651.40,0.044
2025-05-23 20:39:13,108652.10,0.181
2025-05-23 20:39:15,108652.20,0.002
2025-05-23 20:39:17,108660.30,0.001
2025-05-23 20:39:20,108649.90,0.001
2025-05-23 20:39:22,108638.50,0.001
2025-05-23 20:39:24,108601.80,0.005
2025-05-23 20:39:27,108611.10,0.002
2025-05-23 20:39:29,108638.70,0.001
2025-05-23 20:39:31,108645.30,0.001
2025-05-23 20:39:34,108649.90,0.009
2025-05-23 20:39:36,108623.00,0.001
2025-05-23 20:39:38,108648.20,0.090
2025-05-23 20:39:41,108614.80,0.003
2025-05-23 20:39:43,108603.80,0.005
2025-05-23 20:39:45,108587.50,0.005
2025-05-23 20:39:48,108587.70,0.287
2025-05-23 20:39:50,108617.30,0.001
2025-05-23 20:39:52,108615.50,0.001
2025-05-23 20:39:55,108636.40,0.001
2025-05-23 20:39:57,108653.50,0.017
2025-05-23 20:39:59,108639.30,0.001
2025-05-23 20:40:02,108621.30,0.002
2025-05-23 20:40:04,108621.30,0.002
2025-05-23 20:40:06,108599.50,0.255
2025-05-23 20:40:09,108565.50,0.002
2025-05-23 20:40:11,108535.00,0.002
2025-05-23 20:40:13,108510.10,0.002
2025-05-23 20:40:16,108521.50,0.117
2025-05-23 20:40:18,108512.00,0.001
2025-05-23 20:40:20,108501.10,0.010
2025-05-23 20:40:23,108499.70,0.015
2025-05-23 20:40:25,108480.70,0.001
2025-05-23 20:40:27,108473.50,0.002
2025-05-23 20:40:30,108482.40,0.001
2025-05-23 20:40:32,108464.10,0.001
2025-05-23 20:40:34,108473.80,0.345
2025-05-23 20:40:37,108477.40,0.009
2025-05-23 20:40:39,108483.00,0.001
2025-05-23 20:40:41,108479.30,0.020
2025-05-23 20:40:44,108473.90,0.443
2025-05-23 20:40:46,108450.00,0.004
2025-05-23 20:40:48,108493.40,0.287
2025-05-23 20:40:51,108510.60,0.011
2025-05-23 20:40:53,108539.50,0.102
2025-05-23 20:40:55,108543.00,0.017
2025-05-23 20:40:58,108535.10,0.148
2025-05-23 20:41:00,108527.50,0.001
2025-05-23 20:41:02,108525.00,0.009
2025-05-23 20:41:05,108522.80,0.042
2025-05-23 20:41:07,108534.20,0.001
2025-05-23 20:41:09,108560.00,0.001
2025-05-23 20:41:12,108542.50,0.001
2025-05-23 20:41:14,108563.50,0.001
2025-05-23 20:41:16,108587.10,0.080
2025-05-23 20:41:19,108596.30,0.002
2025-05-23 20:41:21,108588.10,0.001
2025-05-23 20:41:23,108604.30,0.001
2025-05-23 20:41:26,108601.30,0.063
2025-05-23 20:41:28,108605.40,0.019
2025-05-23 20:41:30,108596.30,0.003
2025-05-23 20:41:33,108583.50,0.008
2025-05-23 20:41:35,108562.70,0.001
2025-05-23 20:41:37,108554.70,0.006
2025-05-23 20:41:40,108552.90,0.001
2025-05-23 20:41:42,108557.00,0.001
2025-05-23 20:41:44,108562.00,0.001
2025-05-23 20:41:47,108546.10,0.008
2025-05-23 20:41:49,108523.70,0.001
2025-05-23 20:41:51,108570.00,0.001
2025-05-23 20:41:54,108540.00,0.280
2025-05-23 20:41:56,108547.40,0.002
2025-05-23 20:41:58,108525.40,0.003
2025-05-23 20:42:01,108540.70,0.023
2025-05-23 20:42:03,108536.40,0.001
2025-05-23 20:42:05,108520.70,0.005
2025-05-23 20:42:08,108483.40,0.002
2025-05-23 20:42:10,108449.50,0.063
2025-05-23 20:42:12,108460.00,0.001
2025-05-23 20:42:15,108472.60,0.198
2025-05-23 20:42:17,108454.90,0.047
2025-05-23 20:42:19,108449.10,0.001
2025-05-23 20:42:22,108456.70,0.156
2025-05-23 20:42:24,108459.40,0.002
2025-05-23 20:42:26,108468.90,0.278
2025-05-23 20:42:29,108475.20,0.001
2025-05-23 20:42:31,108467.80,0.063
2025-05-23 20:42:33,108467.70,0.009
2025-05-23 20:42:36,108466.80,0.019
2025-05-23 20:42:38,108461.40,0.077
2025-05-23 20:42:40,108460.70,0.001
2025-05-23 20:42:43,108468.10,0.001
2025-05-23 20:42:45,108461.70,0.001
2025-05-23 20:42:47,108453.40,0.014
2025-05-23 20:42:50,108456.30,0.001
2025-05-23 20:42:52,108441.40,0.003
2025-05-23 20:42:54,108441.50,0.087
2025-05-23 20:42:57,108451.90,0.002
2025-05-23 20:42:59,108448.90,0.260
2025-05-23 20:43:01,108471.10,0.008
2025-05-23 20:43:04,108500.00,0.299
2025-05-23 20:43:06,108481.70,0.001
2025-05-23 20:43:08,108479.30,0.122
2025-05-23 20:43:11,108530.70,0.089
2025-05-23 20:43:13,108535.50,0.147
2025-05-23 20:43:15,108546.50,0.001
2025-05-23 20:43:18,108523.50,0.001
2025-05-23 20:43:20,108531.30,0.001
2025-05-23 20:43:22,108520.10,0.010
2025-05-23 20:43:25,108492.50,0.001
2025-05-23 20:43:27,108509.40,0.001
2025-05-23 20:43:29,108512.40,0.046
2025-05-23 20:43:32,108477.90,0.001
2025-05-23 20:43:34,108475.00,0.005
2025-05-23 20:43:36,108465.50,0.002
2025-05-23 20:43:39,108470.70,0.046
2025-05-23 20:43:41,108471.30,0.199
2025-05-23 20:43:43,108486.10,0.025
2025-05-23 20:43:46,108501.90,0.001
2025-05-23 20:43:48,108488.30,0.288
2025-05-23 20:43:50,108488.20,0.025
2025-05-23 20:43:53,108485.00,0.002
2025-05-23 20:43:55,108477.50,0.002
2025-05-23 20:43:57,108500.00,0.002
2025-05-23 20:43:59,108500.20,0.005
2025-05-23 20:44:02,108512.30,0.001
2025-05-23 20:44:04,108543.10,0.028
2025-05-23 20:44:06,108540.00,0.001
2025-05-23 20:44:09,108523.90,0.002
2025-05-23 20:44:11,108513.90,0.001
2025-05-23 20:44:13,108505.80,0.001
2025-05-23 20:44:16,108512.70,0.010
2025-05-23 20:44:18,108523.10,0.001
2025-05-23 20:44:20,108555.10,0.002
2025-05-23 20:44:23,108558.60,0.037
2025-05-23 20:44:25,108571.20,0.037
2025-05-23 20:44:27,108550.60,0.002
2025-05-23 20:44:30,108555.10,0.002
2025-05-23 20:44:32,108562.20,0.001
2025-05-23 20:44:34,108574.90,0.002
2025-05-23 20:44:37,108560.30,0.002
2025-05-23 20:44:39,108557.00,0.028
2025-05-23 20:44:41,108556.50,0.170
2025-05-23 20:44:44,108560.00,0.001
2025-05-23 20:44:46,108561.30,0.001
2025-05-23 20:44:48,108542.10,0.002
2025-05-23 20:44:51,108521.90,0.003
2025-05-23 20:44:53,108532.20,0.001
2025-05-23 20:44:55,108544.10,0.002
2025-05-23 20:44:58,108566.80,0.002
2025-05-23 20:45:00,108570.20,0.032
2025-05-23 20:45:02,108561.20,0.001
2025-05-23 20:45:05,108508.30,0.014
2025-05-23 20:45:07,108490.00,0.008
2025-05-23 20:45:09,108460.00,0.001
2025-05-23 20:45:11,108437.90,0.004
2025-05-23 20:45:14,108417.30,0.135
2025-05-23 20:45:16,108416.50,0.004
2025-05-23 20:45:18,108440.00,0.001
2025-05-23 20:45:21,108459.60,0.005
2025-05-23 20:45:23,108488.60,0.001
2025-05-23 20:45:25,108532.60,0.012
2025-05-23 20:45:28,108548.20,0.001
2025-05-23 20:45:30,108558.10,0.140
2025-05-23 20:45:32,108545.40,0.114
2025-05-23 20:45:35,108553.50,0.004
2025-05-23 20:45:37,108553.50,0.335
2025-05-23 20:45:39,108574.90,0.002
2025-05-23 20:45:42,108590.00,0.028
2025-05-23 20:45:44,108609.40,0.001
2025-05-23 20:45:46,108622.40,0.442
2025-05-23 20:45:49,108641.60,0.260
2025-05-23 20:45:51,108625.50,0.006
2025-05-23 20:45:53,108612.50,0.002
2025-05-23 20:45:55,108612.10,0.435
2025-05-23 20:45:58,108612.00,0.002
2025-05-23 20:46:00,108603.20,0.001
2025-05-23 20:46:03,108618.70,0.019
2025-05-23 20:46:05,108596.90,0.001
2025-05-23 20:46:08,108620.00,1.563
2025-05-23 20:46:10,108650.00,0.002
2025-05-23 20:46:12,108681.70,0.002
2025-05-23 20:46:14,108728.40,0.001
2025-05-23 20:46:17,108665.60,0.001
2025-05-23 20:46:19,108656.00,0.032
2025-05-23 20:46:21,108636.10,0.002
2025-05-23 20:46:24,108615.30,0.002
2025-05-23 20:46:26,108679.70,0.699
2025-05-23 20:46:28,108693.80,0.067
2025-05-23 20:46:31,108701.30,0.026
2025-05-23 20:46:33,108692.40,0.272
2025-05-23 20:46:35,108677.50,0.019
2025-05-23 20:46:38,108666.90,0.001
2025-05-23 20:46:40,108677.00,0.009
2025-05-23 20:46:42,108692.00,0.150
2025-05-23 20:46:45,108695.90,0.002
2025-05-23 20:46:47,108677.10,0.021
2025-05-23 20:46:49,108690.00,0.002
2025-05-23 20:46:51,108703.70,0.002
2025-05-23 20:46:54,108710.70,0.155
2025-05-23 20:46:56,108693.10,0.037
2025-05-23 20:46:59,108681.70,0.113
2025-05-23 20:47:01,108680.90,0.028
2025-05-23 20:47:03,108683.90,0.005
2025-05-23 20:47:05,108656.60,0.047
2025-05-23 20:47:08,108638.30,0.032
2025-05-23 20:47:10,108596.90,0.049
2025-05-23 20:47:12,108562.50,0.002
2025-05-23 20:47:15,108567.10,0.002
2025-05-23 20:47:17,108540.00,0.003
2025-05-23 20:47:19,108503.40,0.005
2025-05-23 20:47:22,108496.30,0.285
2025-05-23 20:47:24,108516.80,0.002
2025-05-23 20:47:26,108533.00,0.001
2025-05-23 20:47:29,108522.40,0.016
2025-05-23 20:47:31,108540.40,0.001
2025-05-23 20:47:33,108510.40,0.006
2025-05-23 20:47:36,108496.40,0.001
2025-05-23 20:47:38,108487.00,0.075
2025-05-23 20:47:40,108477.90,0.001
2025-05-23 20:47:43,108471.20,0.002
2025-05-23 20:47:45,108471.70,0.001
2025-05-23 20:47:47,108490.00,0.002
2025-05-23 20:47:49,108505.80,0.012
2025-05-23 20:47:52,108502.10,0.236
2025-05-23 20:47:54,108510.00,0.001
2025-05-23 20:47:56,108530.00,0.001
2025-05-23 20:47:59,108530.50,0.019
2025-05-23 20:48:01,108530.50,0.025
2025-05-23 20:48:03,108530.80,0.001
2025-05-23 20:48:06,108553.40,0.796
2025-05-23 20:48:08,108543.40,0.001
2025-05-23 20:48:10,108539.00,0.133
2025-05-23 20:48:13,108510.60,0.002
2025-05-23 20:48:15,108511.60,0.041
2025-05-23 20:48:17,108511.30,0.001
2025-05-23 20:48:20,108496.50,0.014
2025-05-23 20:48:22,108492.10,0.001
2025-05-23 20:48:24,108508.30,0.004
2025-05-23 20:48:27,108484.60,0.001
2025-05-23 20:48:29,108476.50,0.004
2025-05-23 20:48:31,108496.60,0.001
2025-05-23 20:48:34,108498.40,0.012
2025-05-23 20:48:36,108501.30,0.011
2025-05-23 20:48:38,108492.50,0.022
2025-05-23 20:48:40,108503.70,0.002
2025-05-23 20:48:43,108505.60,0.010
2025-05-23 20:48:45,108500.10,0.012
2025-05-23 20:48:47,108487.40,0.001
2025-05-23 20:48:50,108480.10,0.004
2025-05-23 20:48:52,108498.60,0.001
2025-05-23 20:48:54,108505.00,0.001
2025-05-23 20:48:57,108509.70,0.001
2025-05-23 20:48:59,108540.00,0.001
2025-05-23 20:49:01,108548.10,0.521
2025-05-23 20:49:04,108572.50,0.643
2025-05-23 20:49:06,108572.60,0.072
2025-05-23 20:49:08,108556.20,0.004
2025-05-23 20:49:11,108563.70,0.002
2025-05-23 20:49:13,108586.30,0.001
2025-05-23 20:49:15,108608.50,1.506
2025-05-23 20:49:18,108576.00,0.031
2025-05-23 20:49:20,108609.80,0.002
2025-05-23 20:49:22,108605.30,0.003
2025-05-23 20:49:25,108587.20,0.584
2025-05-23 20:49:27,108560.10,0.001
2025-05-23 20:49:29,108574.90,0.011
2025-05-23 20:49:32,108571.00,0.003
2025-05-23 20:49:34,108555.10,0.240
2025-05-23 20:49:36,108551.80,0.015
2025-05-23 20:49:39,108547.50,0.001
2025-05-23 20:49:41,108517.40,0.017
2025-05-23 20:49:43,108502.30,0.005
2025-05-23 20:49:46,108492.00,0.003
2025-05-23 20:49:48,108511.30,0.389
2025-05-23 20:49:50,108504.30,0.001
2025-05-23 20:49:53,108494.60,0.059
2025-05-23 20:49:55,108468.30,0.002
2025-05-23 20:49:58,108456.10,0.239
2025-05-23 20:50:00,108461.00,0.001
2025-05-23 20:50:02,108476.60,0.001
2025-05-23 20:50:05,108499.90,0.002
2025-05-23 20:50:07,108483.50,0.100
2025-05-23 20:50:09,108480.50,0.239
2025-05-23 20:50:12,108474.80,0.003
2025-05-23 20:50:14,108456.00,0.003
2025-05-23 20:50:16,108410.60,1.621
2025-05-23 20:50:19,108455.10,0.028
2025-05-23 20:50:21,108426.60,0.057
2025-05-23 20:50:23,108422.70,0.004
2025-05-23 20:50:26,108419.70,0.001
2025-05-23 20:50:28,108433.40,0.002
2025-05-23 20:50:31,108438.00,0.005
2025-05-23 20:50:33,108425.30,0.002
2025-05-23 20:50:35,108436.10,0.005
2025-05-23 20:50:38,108449.40,0.008
2025-05-23 20:50:40,108460.50,0.184
2025-05-23 20:50:42,108452.00,0.002
2025-05-23 20:50:44,108449.30,0.699
2025-05-23 20:50:47,108457.00,0.001
2025-05-23 20:50:49,108479.30,0.001
2025-05-23 20:50:51,108484.70,0.001
2025-05-23 20:50:54,108484.80,0.003
2025-05-23 20:50:56,108474.80,0.082
2025-05-23 20:50:58,108495.20,0.001
2025-05-23 20:51:01,108500.00,0.001
2025-05-23 20:51:03,108533.10,0.002
2025-05-23 20:51:05,108538.00,0.001
2025-05-23 20:51:08,108520.00,0.001
2025-05-23 20:51:10,108492.00,0.002
2025-05-23 20:51:13,108495.20,0.062
2025-05-23 20:51:15,108490.00,0.001
2025-05-23 20:51:17,108482.40,0.002
2025-05-23 20:51:20,108477.50,0.012
2025-05-23 20:51:22,108501.00,0.001
2025-05-23 20:51:24,108503.90,0.017
2025-05-23 20:51:27,108496.60,0.002
2025-05-23 20:51:29,108470.50,0.001
2025-05-23 20:51:31,108497.00,0.001
2025-05-23 20:51:34,108503.90,0.250
2025-05-23 20:51:36,108521.20,0.005
2025-05-23 20:51:38,108535.50,0.116
2025-05-23 20:51:41,108550.90,0.001
2025-05-23 20:51:43,108527.40,0.002
2025-05-23 20:51:45,108514.90,0.002
2025-05-23 20:51:48,108522.40,0.002
2025-05-23 20:51:50,108527.90,0.002
2025-05-23 20:51:52,108545.40,0.001
2025-05-23 20:51:55,108551.80,0.044
2025-05-23 20:51:57,108593.10,0.002
2025-05-23 20:51:59,108608.40,0.001
2025-05-23 20:52:02,108608.20,0.009
2025-05-23 20:52:04,108616.40,0.006
2025-05-23 20:52:06,108588.60,0.001
2025-05-23 20:52:09,108587.00,0.003
2025-05-23 20:52:11,108567.00,0.002
2025-05-23 20:52:13,108603.90,0.021
2025-05-23 20:52:16,108596.00,0.001
2025-05-23 20:52:18,108615.70,0.018
2025-05-23 20:52:20,108627.60,0.043
2025-05-23 20:52:23,108619.80,0.003
2025-05-23 20:52:25,108618.80,0.002
2025-05-23 20:52:27,108634.60,0.001
2025-05-23 20:52:30,108646.60,0.001
2025-05-23 20:52:32,108635.10,0.008
2025-05-23 20:52:35,108612.70,0.005
2025-05-23 20:52:37,108611.70,0.611
2025-05-23 20:52:39,108644.90,0.001
2025-05-23 20:52:42,108638.40,0.004
2025-05-23 20:52:44,108599.50,0.002
2025-05-23 20:52:46,108532.10,0.002
2025-05-23 20:52:48,108513.90,0.001
2025-05-23 20:52:50,108513.70,0.002
2025-05-23 20:52:52,108528.90,0.301
2025-05-23 20:52:54,108521.00,0.756
2025-05-23 20:52:56,108534.40,0.004
2025-05-23 20:52:59,108538.70,0.002
2025-05-23 20:53:01,108535.40,0.001
2025-05-23 20:53:03,108534.30,0.002
2025-05-23 20:53:05,108520.00,0.002
2025-05-23 20:53:07,108524.70,0.002
2025-05-23 20:53:09,108564.00,0.001
2025-05-23 20:53:11,108607.60,0.001
2025-05-23 20:53:13,108553.70,0.028
2025-05-23 20:53:16,108545.00,0.020
2025-05-23 20:53:18,108520.50,0.040
2025-05-23 20:53:20,108500.00,0.001
2025-05-23 20:53:22,108489.10,0.003
2025-05-23 20:53:24,108482.60,0.002
2025-05-23 20:53:26,108486.20,0.184
2025-05-23 20:53:28,108479.30,0.008
2025-05-23 20:53:30,108489.30,0.127
2025-05-23 20:53:33,108480.50,0.002
2025-05-23 20:53:35,108480.00,0.001
2025-05-23 20:53:37,108468.30,0.001
2025-05-23 20:53:39,108474.40,0.001
2025-05-23 20:53:41,108477.20,0.001
2025-05-23 20:53:43,108491.00,0.002
2025-05-23 20:53:45,108503.30,0.012
2025-05-23 20:53:48,108557.30,0.005
2025-05-23 20:53:50,108562.00,0.135
2025-05-23 20:53:52,108576.10,0.001
2025-05-23 20:53:54,108600.50,0.001
2025-05-23 20:53:56,108603.80,0.001
2025-05-23 20:53:58,108580.00,0.002
2025-05-23 20:54:00,108576.80,0.005
2025-05-23 20:54:02,108590.00,0.001
2025-05-23 20:54:04,108620.10,0.003
2025-05-23 20:54:07,108615.30,0.001
2025-05-23 20:54:09,108593.70,0.001
2025-05-23 20:54:11,108580.00,0.001
2025-05-23 20:54:13,108561.70,0.090
2025-05-23 20:54:15,108577.70,0.001
2025-05-23 20:54:17,108580.00,0.001
2025-05-23 20:54:20,108581.10,0.149
2025-05-23 20:54:22,108574.90,0.148
2025-05-23 20:54:24,108579.70,0.035
2025-05-23 20:54:27,108593.00,0.001
2025-05-23 20:54:29,108578.90,0.002
2025-05-23 20:54:31,108579.90,0.001
2025-05-23 20:54:34,108548.20,0.037
2025-05-23 20:54:36,108541.20,0.002
2025-05-23 20:54:38,108506.50,0.002
2025-05-23 20:54:41,108509.80,0.001
2025-05-23 20:54:43,108506.40,0.003
2025-05-23 20:54:46,108504.40,0.001
2025-05-23 20:54:48,108512.60,0.001
2025-05-23 20:54:50,108527.10,0.001
2025-05-23 20:54:53,108513.90,0.001
2025-05-23 20:54:55,108504.60,0.002
2025-05-23 20:54:58,108491.90,0.012
2025-05-23 20:55:00,108480.40,0.324
2025-05-23 20:55:02,108467.40,0.002
2025-05-23 20:55:04,108467.40,0.001
2025-05-23 20:55:06,108467.40,0.016
2025-05-23 20:55:08,108467.30,0.001
2025-05-23 20:55:11,108457.10,0.001
2025-05-23 20:55:13,108454.20,0.001
2025-05-23 20:55:15,108457.80,0.002
2025-05-23 20:55:17,108462.50,0.046
2025-05-23 20:55:19,108473.50,0.001
2025-05-23 20:55:21,108476.10,0.001
2025-05-23 20:55:23,108466.90,0.001
2025-05-23 20:55:25,108455.50,0.001
2025-05-23 20:55:28,108430.00,0.036
2025-05-23 20:55:30,108422.40,0.003
2025-05-23 20:55:32,108434.50,0.002
2025-05-23 20:55:34,108452.10,0.028
2025-05-23 20:55:36,108458.10,0.009
2025-05-23 20:55:38,108426.90,0.014
2025-05-23 20:55:40,108422.80,0.001
2025-05-23 20:55:42,108427.70,0.001
2025-05-23 20:55:44,108430.60,0.001
2025-05-23 20:55:47,108400.00,0.001
2025-05-23 20:55:49,108390.50,0.003
2025-05-23 20:55:51,108368.20,0.002
2025-05-23 20:55:53,108373.50,0.001
2025-05-23 20:55:55,108363.10,0.002
2025-05-23 20:55:57,108384.50,0.002
2025-05-23 20:55:59,108379.20,0.017
2025-05-23 20:56:01,108363.30,0.001
2025-05-23 20:56:04,108382.10,0.090
2025-05-23 20:56:06,108390.50,0.001
2025-05-23 20:56:08,108426.80,0.180
2025-05-23 20:56:10,108434.90,0.067
2025-05-23 20:56:12,108440.00,0.002
2025-05-23 20:56:14,108457.80,0.002
2025-05-23 20:56:16,108456.90,0.142
2025-05-23 20:56:19,108479.50,0.155
2025-05-23 20:56:21,108485.50,0.002
2025-05-23 20:56:23,108489.30,1.281
2025-05-23 20:56:25,108492.20,0.001
2025-05-23 20:56:27,108475.20,0.691
2025-05-23 20:56:29,108469.40,0.002
2025-05-23 20:56:31,108455.10,0.002
2025-05-23 20:56:34,108455.10,0.002
2025-05-23 20:56:36,108439.60,0.001
2025-05-23 20:56:38,108413.70,0.025
2025-05-23 20:56:40,108394.30,0.016
2025-05-23 20:56:42,108385.40,0.010
2025-05-23 20:56:44,108388.30,0.594
2025-05-23 20:56:46,108377.10,0.006
2025-05-23 20:56:48,108377.10,0.031
2025-05-23 20:56:50,108363.80,0.002
2025-05-23 20:56:53,108361.10,0.003
2025-05-23 20:56:55,108355.00,0.001
2025-05-23 20:56:57,108355.10,0.005
2025-05-23 20:56:59,108360.60,0.001
2025-05-23 20:57:01,108396.40,0.001
2025-05-23 20:57:03,108393.90,0.001
2025-05-23 20:57:05,108472.60,0.001
2025-05-23 20:57:07,108494.60,0.001
2025-05-23 20:57:10,108493.20,0.002
2025-05-23 20:57:12,108486.00,0.093
2025-05-23 20:57:14,108504.50,0.001
2025-05-23 20:57:16,108529.50,0.019
2025-05-23 20:57:18,108550.20,0.010
2025-05-23 20:57:20,108564.20,0.001
2025-05-23 20:57:22,108533.00,0.001
2025-05-23 20:57:24,108523.80,0.022
2025-05-23 20:57:27,108510.00,0.001
2025-05-23 20:57:29,108492.10,0.001
2025-05-23 20:57:31,108509.50,0.012
2025-05-23 20:57:33,108524.60,0.001
2025-05-23 20:57:35,108538.20,0.001
2025-05-23 20:57:37,108557.00,0.001
2025-05-23 20:57:39,108565.50,0.003
2025-05-23 20:57:41,108565.90,0.002
2025-05-23 20:57:43,108566.30,0.004
2025-05-23 20:57:46,108557.50,0.037
2025-05-23 20:57:48,108545.60,0.002
2025-05-23 20:57:50,108509.20,0.026
2025-05-23 20:57:52,108481.10,0.002
2025-05-23 20:57:54,108475.60,0.004
2025-05-23 20:57:56,108476.50,0.003
2025-05-23 20:57:58,108456.40,0.002
2025-05-23 21:30:41,108699.90,0.001
2025-05-23 21:30:43,108710.10,0.248
2025-05-23 21:30:46,108710.20,0.070
2025-05-23 21:30:48,108694.10,0.002
2025-05-23 21:30:50,108680.00,0.002
2025-05-23 21:30:53,108665.80,0.002
2025-05-23 21:30:56,108631.90,0.008
2025-05-23 21:30:58,108640.20,0.009
2025-05-23 21:31:00,108658.80,0.001
2025-05-23 21:31:03,108707.30,0.009
2025-05-23 21:31:05,108659.20,0.009
2025-05-23 21:31:07,108700.00,0.002
2025-05-23 21:31:10,108679.50,0.001
2025-05-23 21:31:12,108720.00,0.002
2025-05-23 21:31:14,108681.20,0.008
2025-05-23 21:31:17,108702.70,0.002
2025-05-23 21:31:19,108710.00,0.002
2025-05-23 21:31:21,108757.60,0.002
2025-05-23 21:31:23,108774.50,0.001
2025-05-23 21:31:26,108729.60,0.001
2025-05-23 21:31:28,108727.30,0.002
2025-05-23 21:31:30,108680.20,0.001
2025-05-23 21:31:33,108677.20,0.001
2025-05-23 21:31:35,108710.30,0.002
2025-05-23 21:31:37,108741.70,0.002
2025-05-23 21:31:40,108799.40,0.041
2025-05-23 21:31:42,108828.00,0.002
2025-05-23 21:31:44,108831.40,0.005
2025-05-23 21:31:47,108796.50,0.002
2025-05-23 21:31:49,108785.00,0.002
2025-05-23 21:31:52,108778.50,0.001
2025-05-23 21:31:54,108800.30,0.003
2025-05-23 21:31:56,108818.60,0.001
2025-05-23 21:31:59,108837.20,0.002
2025-05-23 21:32:01,108794.10,0.001
2025-05-23 21:32:03,108811.10,0.001
2025-05-23 21:32:06,108838.90,0.003
2025-05-23 21:32:08,108858.40,0.002
2025-05-23 21:32:10,108923.50,0.020
2025-05-23 21:32:12,108946.10,0.050
2025-05-23 21:32:15,108924.20,0.026
2025-05-23 21:32:17,108940.60,0.001
2025-05-23 21:32:19,108927.20,0.012
2025-05-23 21:32:22,108898.50,0.001
2025-05-23 21:32:24,108864.10,0.001
2025-05-23 21:32:26,108909.90,0.376
2025-05-23 21:32:29,108970.70,0.005
2025-05-23 21:32:31,109000.00,0.001
2025-05-23 21:32:33,109020.60,0.004
2025-05-23 21:32:36,109038.10,0.115
2025-05-23 21:32:38,109026.40,0.091
2025-05-23 21:32:40,109039.70,0.001
2025-05-23 21:32:43,109039.20,0.001
2025-05-23 21:32:45,109060.00,0.002
2025-05-23 21:32:47,109055.20,0.138
2025-05-23 21:32:50,109052.70,0.001
2025-05-23 21:32:52,109055.50,0.130
2025-05-23 21:32:55,109042.60,0.027
2025-05-23 21:32:57,109035.70,0.009
2025-05-23 21:32:59,109057.20,0.001
2025-05-23 21:33:02,109043.70,0.002
2025-05-23 21:33:04,109037.30,0.002
2025-05-23 21:33:06,109059.30,0.446
2025-05-23 21:33:09,109006.50,0.045
2025-05-23 21:33:11,109099.90,0.009
2025-05-23 21:33:13,109062.80,0.002
2025-05-23 21:33:16,109040.40,0.002
2025-05-23 21:33:18,109073.10,0.001
2025-05-23 21:33:20,109116.00,0.003
2025-05-23 21:33:23,109130.90,0.137
2025-05-23 21:33:25,109156.90,0.082
2025-05-23 21:33:27,109195.60,0.234
2025-05-23 21:33:29,109196.40,0.010
2025-05-23 21:33:32,109185.20,0.002
2025-05-23 21:33:34,109187.40,0.001
2025-05-23 21:33:36,109211.80,0.001
2025-05-23 21:33:39,109226.00,0.171
2025-05-23 21:33:41,109232.60,0.012
2025-05-23 21:33:43,109261.30,0.005
2025-05-23 21:33:46,109291.90,0.001
2025-05-23 21:33:48,109298.60,0.020
2025-05-23 21:33:50,109354.70,0.003
2025-05-23 21:33:53,109347.00,0.001
2025-05-23 21:33:55,109418.20,0.010
2025-05-23 21:33:57,109402.60,0.857
2025-05-23 21:34:00,109430.00,0.002
2025-05-23 21:34:02,109376.50,0.531
2025-05-23 21:34:04,109327.50,0.002
2025-05-23 21:34:07,109317.90,0.001
2025-05-23 21:34:09,109261.70,0.017
2025-05-23 21:34:11,109300.10,0.330
2025-05-23 21:34:13,109233.60,0.001
2025-05-23 21:34:16,109223.10,0.006
2025-05-23 21:34:18,109236.00,0.068
2025-05-23 21:34:20,109242.10,0.043
2025-05-23 21:34:23,109269.20,0.001
2025-05-23 21:34:25,109275.60,0.001
2025-05-23 21:34:27,109371.90,0.004
2025-05-23 21:34:30,109383.00,0.001
2025-05-23 21:34:32,109404.50,0.005
2025-05-23 21:34:34,109404.30,0.013
2025-05-23 21:34:37,109384.00,0.021
2025-05-23 21:34:39,109362.70,0.010
2025-05-23 21:34:41,109373.60,0.009
2025-05-23 21:34:44,109372.50,0.002
2025-05-23 21:34:46,109352.30,0.001
2025-05-23 21:34:48,109384.30,3.121
2025-05-23 21:34:51,109383.90,0.022
2025-05-23 21:34:53,109429.90,0.001
2025-05-23 21:34:55,109447.90,0.058
2025-05-23 21:34:58,109409.00,0.001
2025-05-23 21:35:00,109400.00,0.010
2025-05-23 21:35:02,109350.30,0.002
2025-05-23 21:35:05,109419.40,0.011
2025-05-23 21:35:07,109419.50,0.002
2025-05-23 21:35:09,109433.80,0.002
2025-05-23 21:35:12,109388.30,0.130
2025-05-23 21:35:14,109374.40,0.001
2025-05-23 21:35:16,109351.50,0.004
2025-05-23 21:35:19,109347.50,0.002
2025-05-23 21:35:21,109376.20,0.001
2025-05-23 21:35:23,109360.30,0.001
2025-05-23 21:35:25,109367.10,0.043
2025-05-23 21:35:28,109399.90,0.002
2025-05-23 21:35:30,109379.30,0.136
2025-05-23 21:35:32,109363.50,0.002
2025-05-23 21:35:35,109331.80,0.127
2025-05-23 21:35:37,109367.10,0.054
2025-05-23 21:35:39,109357.90,0.001
2025-05-23 21:35:42,109367.10,0.001
2025-05-23 21:35:44,109393.20,0.001
2025-05-23 21:35:47,109461.10,0.060
2025-05-23 21:35:49,109516.10,0.147
2025-05-23 21:35:51,109521.20,0.002
2025-05-23 21:35:54,109518.40,0.054
2025-05-23 21:35:56,109528.10,0.473
2025-05-23 21:35:58,109536.40,0.002
2025-05-23 21:36:00,109522.30,0.004
2025-05-23 21:36:03,109470.10,0.001
2025-05-23 21:36:05,109466.50,0.060
2025-05-23 21:36:08,109440.20,0.056
2025-05-23 21:36:10,109448.50,0.092
2025-05-23 21:36:12,109449.90,0.003
2025-05-23 21:36:15,109434.20,0.002
2025-05-23 21:36:17,109428.40,0.002
2025-05-23 21:36:19,109461.00,0.001
2025-05-23 21:36:22,109492.80,0.509
2025-05-23 21:36:24,109480.50,0.472
2025-05-23 21:36:26,109442.30,0.028
2025-05-23 21:36:29,109381.90,0.001
2025-05-23 21:36:31,109367.90,0.249
2025-05-23 21:36:33,109323.80,0.055
2025-05-23 21:36:35,109404.90,0.001
2025-05-23 21:36:38,109400.30,0.002
2025-05-23 21:36:40,109410.50,0.012
2025-05-23 21:36:42,109438.70,0.031
2025-05-23 21:36:45,109420.10,0.001
2025-05-23 21:36:47,109441.40,0.002
2025-05-23 21:36:49,109449.20,0.001
2025-05-23 21:36:52,109483.60,0.001
2025-05-23 21:36:54,109483.60,0.054
2025-05-23 21:36:56,109447.50,0.010
2025-05-23 21:36:59,109447.30,0.004
2025-05-23 21:37:01,109420.90,0.010
2025-05-23 21:37:03,109450.10,0.087
2025-05-23 21:37:06,109469.30,0.055
2025-05-23 21:37:08,109442.00,0.002
2025-05-23 21:37:10,109407.10,0.001
2025-05-23 21:37:13,109360.00,0.003
2025-05-23 21:37:15,109350.10,0.001
2025-05-23 21:37:17,109351.40,0.182
2025-05-23 21:37:20,109375.60,0.002
2025-05-23 21:37:22,109330.30,0.001
2025-05-23 21:37:24,109320.20,0.001
2025-05-23 21:37:26,109346.60,0.123
2025-05-23 21:37:29,109357.00,0.091
2025-05-23 21:37:31,109339.90,0.002
2025-05-23 21:37:33,109330.00,0.089
2025-05-23 21:37:36,109309.90,0.089
2025-05-23 21:37:38,109368.90,0.080
2025-05-23 21:37:41,109384.40,0.005
2025-05-23 21:37:43,109405.50,0.001
2025-05-23 21:37:45,109410.00,0.002
2025-05-23 21:37:48,109427.60,0.291
2025-05-23 21:37:50,109395.50,0.327
2025-05-23 21:37:52,109306.40,0.001
2025-05-23 21:37:55,109274.80,0.002
2025-05-23 21:37:57,109280.00,0.009
2025-05-23 21:37:59,109300.00,0.207
2025-05-23 21:38:02,109307.80,0.020
2025-05-23 21:38:04,109298.20,0.029
2025-05-23 21:38:06,109296.50,0.002
2025-05-23 21:38:08,109300.10,0.021
2025-05-23 21:38:11,109291.30,0.043
2025-05-23 21:38:13,109270.00,0.025
2025-05-23 21:38:15,109262.90,0.001
2025-05-23 21:38:18,109289.50,0.001
2025-05-23 21:38:20,109279.30,0.003
2025-05-23 21:38:22,109305.40,0.004
2025-05-23 21:38:25,109287.00,0.005
2025-05-23 21:38:27,109292.20,0.002
2025-05-23 21:38:29,109248.30,0.001
2025-05-23 21:38:32,109262.60,0.002
2025-05-23 21:38:34,109277.70,0.002
2025-05-23 21:38:36,109310.50,0.236
2025-05-23 21:38:39,109281.00,0.002
2025-05-23 21:38:41,109276.20,0.053
2025-05-23 21:38:43,109318.90,0.003
2025-05-23 21:38:46,109341.30,0.006
2025-05-23 21:38:48,109368.00,0.002
2025-05-23 21:38:50,109359.90,0.008
2025-05-23 21:38:53,109348.20,0.002
2025-05-23 21:38:55,109322.00,0.012
2025-05-23 21:38:57,109354.70,0.003
2025-05-23 21:39:00,109353.60,0.002
2025-05-23 21:39:02,109369.70,0.001
2025-05-23 21:39:05,109407.80,0.002
2025-05-23 21:39:07,109370.90,0.005
2025-05-23 21:39:09,109347.30,0.001
2025-05-23 21:39:11,109335.70,0.008
2025-05-23 21:39:14,109349.60,0.002
2025-05-23 21:39:16,109342.90,0.001
2025-05-23 21:39:19,109351.20,0.002
2025-05-23 21:39:21,109339.40,0.001
2025-05-23 21:39:24,109314.00,0.002
2025-05-23 21:39:26,109303.10,0.001
2025-05-23 21:39:28,109289.60,0.001
2025-05-23 21:39:31,109276.20,0.001
2025-05-23 21:39:33,109283.20,0.001
2025-05-23 21:39:35,109245.40,0.348
2025-05-23 21:39:38,109263.00,0.159
2025-05-23 21:39:40,109319.00,0.002
2025-05-23 21:39:43,109320.00,0.001
2025-05-23 21:39:45,109350.00,0.002
2025-05-23 21:39:47,109349.50,0.005
2025-05-23 21:39:50,109310.80,0.003
2025-05-23 21:39:52,109278.60,0.027
2025-05-23 21:39:55,109250.00,0.054
2025-05-23 21:39:57,109194.50,0.012
2025-05-23 21:39:59,109184.50,0.001
2025-05-23 21:40:02,109142.00,0.004
2025-05-23 21:40:04,109082.70,0.012
2025-05-23 21:40:07,109118.50,0.001
2025-05-23 21:40:09,109097.40,0.003
2025-05-23 21:40:11,109142.10,0.001
2025-05-23 21:40:14,109162.70,0.001
2025-05-23 21:40:16,109159.20,0.001
2025-05-23 21:40:18,109143.30,0.004
2025-05-23 21:40:21,109117.30,0.002
2025-05-23 21:40:23,109088.90,0.001
2025-05-23 21:40:25,109000.00,0.002
2025-05-23 21:40:28,108987.50,0.013
2025-05-23 21:40:30,108962.90,0.002
2025-05-23 21:40:33,108993.90,0.002
2025-05-23 21:40:35,109023.40,0.554
2025-05-23 21:40:37,109054.50,0.002
2025-05-23 21:40:40,109026.20,0.002
2025-05-23 21:40:42,109036.00,0.030
2025-05-23 21:40:45,108992.00,0.318
2025-05-23 21:40:47,109010.20,0.001
2025-05-23 21:40:49,109024.40,0.001
2025-05-23 21:40:52,108989.40,0.001
2025-05-23 21:40:54,109022.70,0.004
2025-05-23 21:40:56,109067.80,0.001
2025-05-23 21:40:59,109063.60,0.001
2025-05-23 21:41:01,109060.00,0.271
2025-05-23 21:41:03,109043.20,0.002
2025-05-23 21:41:06,109035.40,0.001
2025-05-23 21:41:08,109121.10,0.001
2025-05-23 21:41:10,109092.50,0.002
2025-05-23 21:41:13,109080.00,0.002
2025-05-23 21:41:15,109047.50,0.026
2025-05-23 21:41:18,109032.90,0.001
2025-05-23 21:41:21,109041.00,0.002
2025-05-23 21:41:23,109068.20,0.002
2025-05-23 21:41:25,109085.80,0.019
2025-05-23 21:41:28,109083.50,0.001
2025-05-23 21:41:30,109053.60,0.297
2025-05-23 21:41:32,109085.90,0.093
2025-05-23 21:41:35,109110.40,0.001
2025-05-23 21:41:37,109119.60,0.002
2025-05-23 21:41:39,109079.20,0.001
2025-05-23 21:41:42,109095.40,0.005
2025-05-23 21:41:44,109138.30,0.001
2025-05-23 21:41:46,109174.90,0.002
2025-05-23 21:41:48,109183.10,0.001
2025-05-23 21:41:51,109134.80,0.003
2025-05-23 21:41:53,109161.50,0.126
2025-05-23 21:41:55,109164.20,0.042
2025-05-23 21:41:58,109175.90,0.189
2025-05-23 21:42:00,109199.60,0.028
2025-05-23 21:42:02,109202.80,0.018
2025-05-23 21:42:05,109221.00,0.054
2025-05-23 21:42:07,109206.10,0.002
2025-05-23 21:42:09,109169.70,0.001
2025-05-23 21:42:11,109134.30,0.008
2025-05-23 21:42:14,109173.90,0.001
2025-05-23 21:42:16,109145.60,0.466
2025-05-23 21:42:18,109158.50,0.002
2025-05-23 21:42:21,109161.70,0.300
2025-05-23 21:42:23,109114.10,0.001
2025-05-23 21:42:25,109100.10,0.002
2025-05-23 21:42:28,109066.10,0.297
2025-05-23 21:42:30,109044.00,0.016
2025-05-23 21:42:32,109044.80,0.002
2025-05-23 21:42:35,109079.40,0.002
2025-05-23 21:42:37,109045.70,0.001
2025-05-23 21:42:39,109000.00,0.126
2025-05-23 21:42:42,108985.20,0.500
2025-05-23 21:42:44,109033.10,0.001
2025-05-23 21:42:46,109040.80,0.001
2025-05-23 21:42:49,109029.50,0.002
2025-05-23 21:42:51,109047.40,0.001
2025-05-23 21:42:53,109066.00,0.002
2025-05-23 21:42:56,109100.00,0.001
2025-05-23 21:42:58,109062.90,0.015
2025-05-23 21:43:01,109058.00,0.013
2025-05-23 21:43:03,109026.00,0.001
2025-05-23 21:43:05,109000.00,0.050
2025-05-23 21:43:08,108985.10,0.001
2025-05-23 21:43:10,108995.00,0.003
2025-05-23 21:43:12,108970.30,0.001
2025-05-23 21:43:15,108931.80,0.001
2025-05-23 21:43:17,108908.10,0.025
2025-05-23 21:43:19,108905.90,0.004
2025-05-23 21:43:22,108925.00,0.001
2025-05-23 21:43:24,108923.10,0.015
2025-05-23 21:43:26,108950.00,0.002
2025-05-23 21:43:28,108986.70,0.002
2025-05-23 21:43:31,109008.20,0.001
2025-05-23 21:43:33,108994.50,0.010
2025-05-23 21:43:35,108974.30,0.001
2025-05-23 21:43:38,108965.60,0.002
2025-05-23 21:43:40,108964.30,0.007
2025-05-23 21:43:42,108949.30,0.001
2025-05-23 21:43:45,108932.90,0.010
2025-05-23 21:43:47,108914.00,0.048
2025-05-23 21:43:49,108923.00,0.001
2025-05-23 21:43:51,108922.80,0.038
2025-05-23 21:43:54,108914.30,0.002
2025-05-23 21:43:56,108918.50,0.003
2025-05-23 21:43:59,108918.30,0.020
2025-05-23 21:44:01,108919.70,0.029
2025-05-23 21:44:04,108900.90,0.001
2025-05-23 21:44:06,108937.40,0.001
2025-05-23 21:44:08,108902.40,0.002
2025-05-23 21:44:11,108900.00,0.631
2025-05-23 21:44:13,108893.20,0.003
2025-05-23 21:44:15,108893.20,0.055
2025-05-23 21:44:18,108932.00,0.009
2025-05-23 21:44:20,108974.90,0.002
2025-05-23 21:44:22,108985.60,0.149
2025-05-23 21:44:25,108987.00,0.002
2025-05-23 21:44:27,108969.90,0.005
2025-05-23 21:44:29,108953.50,0.001
2025-05-23 21:44:31,108950.10,0.001
2025-05-23 21:44:34,108999.80,0.001
2025-05-23 21:44:36,109015.70,0.027
2025-05-23 21:44:38,109067.90,0.001
2025-05-23 21:44:41,109049.00,0.199
2025-05-23 21:44:43,109038.70,0.002
2025-05-23 21:44:45,109018.60,0.005
2025-05-23 21:44:48,108982.70,0.002
2025-05-23 21:44:50,108980.00,0.002
2025-05-23 21:44:52,108960.10,0.003
2025-05-23 21:44:55,108981.80,0.001
2025-05-23 21:44:57,109003.00,0.001
2025-05-23 21:44:59,109026.10,0.001
2025-05-23 21:45:02,109033.50,0.002
2025-05-23 21:45:04,109011.80,0.001
2025-05-23 21:45:06,109044.90,0.138
2025-05-23 21:45:09,109004.70,0.001
2025-05-23 21:45:11,108995.70,0.001
2025-05-23 21:45:13,108991.20,0.001
2025-05-23 21:45:16,108990.00,0.001
2025-05-23 21:45:18,109030.90,0.001
2025-05-23 21:45:20,109008.40,0.127
2025-05-23 21:45:22,108966.10,0.050
2025-05-23 21:45:25,108931.40,0.007
2025-05-23 21:45:27,108902.90,0.031
2025-05-23 21:45:29,108909.80,0.001
2025-05-23 21:45:32,108974.10,0.002
2025-05-23 21:45:34,108949.20,0.001
2025-05-23 21:45:36,108998.70,0.001
2025-05-23 21:45:39,109023.90,0.002
2025-05-23 21:45:41,109006.40,0.011
2025-05-23 21:45:43,108989.20,0.001
2025-05-23 21:45:46,109005.30,0.001
2025-05-23 21:45:48,109018.00,0.006
2025-05-23 21:45:50,109004.90,0.001
2025-05-23 21:45:52,109007.40,0.010
2025-05-23 21:45:55,108988.20,0.001
2025-05-23 21:45:57,109013.60,0.002
2025-05-23 21:45:59,109035.40,0.002
2025-05-23 21:46:02,109043.80,0.183
2025-05-23 21:46:04,109038.20,0.005
2025-05-23 21:46:06,109012.80,0.001
2025-05-23 21:46:09,108978.00,0.001
2025-05-23 21:46:11,108954.60,0.026
2025-05-23 21:46:13,108967.70,0.002
2025-05-23 21:46:15,108971.40,0.003
2025-05-23 21:46:18,108941.70,0.001
2025-05-23 21:46:20,108957.80,0.001
2025-05-23 21:46:22,108951.80,0.001
2025-05-23 21:46:25,108923.00,0.001
2025-05-23 21:46:27,108892.60,0.002
2025-05-23 21:46:29,108850.00,0.001
2025-05-23 21:46:32,108844.40,0.001
2025-05-23 21:46:34,108869.80,0.001
2025-05-23 21:46:36,108894.00,0.020
2025-05-23 21:46:39,108901.80,0.001
2025-05-23 21:46:41,108940.90,0.177
2025-05-23 21:46:43,108945.90,0.012
2025-05-23 21:46:46,108915.80,0.010
2025-05-23 21:46:48,108917.20,0.001
2025-05-23 21:46:50,108890.70,0.001
2025-05-23 21:46:53,108858.80,0.201
2025-05-23 21:46:55,108885.70,0.001
2025-05-23 21:46:57,108926.30,0.002
2025-05-23 21:46:59,108941.10,0.001
2025-05-23 21:47:02,108942.50,0.002
2025-05-23 21:47:04,108905.60,0.002
2025-05-23 21:47:06,108936.40,0.002
2025-05-23 21:47:09,108965.20,0.001
2025-05-23 21:47:11,108943.60,0.001
2025-05-23 21:47:13,108930.70,0.002
2025-05-23 21:47:16,108849.00,0.005
2025-05-23 21:47:18,108831.30,0.005
2025-05-23 21:47:20,108824.70,0.001
2025-05-23 21:47:23,108806.70,0.011
2025-05-23 21:47:25,108859.60,0.005
2025-05-23 21:47:27,108840.00,0.002
2025-05-23 21:47:30,108817.60,0.005
2025-05-23 21:47:32,108831.70,0.045
2025-05-23 21:47:34,108821.90,0.003
2025-05-23 21:47:36,108841.60,0.002
2025-05-23 21:47:39,108890.80,0.330
2025-05-23 21:47:41,108900.00,0.001
2025-05-23 21:47:43,108864.40,0.001
2025-05-23 21:47:46,108880.80,0.002
2025-05-23 21:47:48,108889.00,0.002
2025-05-23 21:47:50,108886.20,0.017
2025-05-23 21:47:53,108866.00,0.002
2025-05-23 21:47:55,108890.30,0.300
2025-05-23 21:47:57,108910.10,0.015
2025-05-23 21:48:00,108903.00,0.001
2025-05-23 21:48:02,108969.20,0.013
2025-05-23 21:48:04,108967.00,0.100
2025-05-23 21:48:07,108945.00,0.002
2025-05-23 21:48:09,108938.00,0.001
2025-05-23 21:48:11,108990.80,0.001
2025-05-23 21:48:14,109014.60,0.001
2025-05-23 21:48:16,109030.00,0.002
2025-05-23 21:48:18,109005.70,0.002
2025-05-23 21:48:21,108965.70,0.009
2025-05-23 21:48:23,108987.80,0.002
2025-05-23 21:48:25,108970.90,0.005
2025-05-23 21:48:28,108960.00,0.001
2025-05-23 21:48:30,108947.00,0.001
2025-05-23 21:48:32,109009.80,0.010
2025-05-23 21:48:35,109062.60,0.001
2025-05-23 21:48:37,109017.30,0.001
2025-05-23 21:48:39,109018.80,0.001
2025-05-23 21:48:41,109064.10,0.010
2025-05-23 21:48:44,109100.00,0.036
2025-05-23 21:48:46,109130.10,0.009
2025-05-23 21:48:48,109159.70,0.001
2025-05-23 21:48:51,109168.50,0.003
2025-05-23 21:48:53,109152.90,0.002
2025-05-23 21:48:55,109134.20,0.001
2025-05-23 21:48:58,109110.00,0.001
2025-05-23 21:49:00,109113.40,0.003
2025-05-23 21:49:02,109127.00,0.009
2025-05-23 21:49:05,109135.00,0.295
2025-05-23 21:49:07,109131.50,0.001
2025-05-23 21:49:09,109134.80,0.002
2025-05-23 21:49:12,109150.00,0.001
2025-05-23 21:49:14,109185.60,0.009
2025-05-23 21:49:16,109154.10,1.146
2025-05-23 21:49:19,109143.80,0.001
2025-05-23 21:49:21,109143.80,0.001
2025-05-23 21:49:23,109107.10,0.010
2025-05-23 21:49:25,109096.30,0.002
2025-05-23 21:49:28,109119.60,0.017
2025-05-23 21:49:30,109133.80,0.001
2025-05-23 21:49:32,109128.00,0.002
2025-05-23 21:49:35,109150.90,0.002
2025-05-23 21:49:37,109198.70,0.026
2025-05-23 21:49:39,109200.00,0.472
2025-05-23 21:49:42,109186.00,0.091
2025-05-23 21:49:44,109192.40,0.001
2025-05-23 21:49:46,109192.40,0.002
2025-05-23 21:49:49,109150.20,0.002
2025-05-23 21:49:51,109135.10,0.002
2025-05-23 21:49:53,109169.40,0.223
2025-05-23 21:49:55,109156.70,0.002
2025-05-23 21:49:58,109150.20,0.001
2025-05-23 21:50:00,109161.70,0.181
2025-05-23 21:50:02,109165.30,0.003
2025-05-23 21:50:05,109162.80,0.011
2025-05-23 21:50:07,109179.60,0.001
2025-05-23 21:50:09,109196.00,0.001
2025-05-23 21:50:12,109200.00,0.823
2025-05-23 21:50:14,109202.20,0.002
2025-05-23 21:50:16,109164.90,0.030
2025-05-23 21:50:19,109135.80,0.001
2025-05-23 21:50:21,109137.10,0.189
2025-05-23 21:50:23,109161.80,0.001
2025-05-23 21:50:26,109180.50,0.032
2025-05-23 21:50:28,109174.30,0.001
2025-05-23 21:50:30,109174.70,0.046
2025-05-23 21:50:33,109174.60,0.472
2025-05-23 21:50:35,109112.20,0.178
2025-05-23 21:50:37,109199.00,0.014
2025-05-23 21:50:40,109209.90,0.001
2025-05-23 21:50:42,109244.50,0.001
2025-05-23 21:50:44,109258.00,0.001
2025-05-23 21:50:47,109285.00,0.002
2025-05-23 21:50:49,109307.90,0.029
2025-05-23 21:50:51,109307.20,0.002
2025-05-23 21:50:54,109327.90,0.001
2025-05-23 21:50:56,109336.90,0.001
2025-05-23 21:50:58,109307.40,0.002
2025-05-23 21:51:01,109319.10,0.001
2025-05-23 21:51:03,109343.50,0.012
2025-05-23 21:51:05,109332.70,0.001
2025-05-23 21:51:07,109314.00,0.001
2025-05-23 21:51:10,109304.60,0.002
2025-05-23 21:51:12,109303.80,0.001
2025-05-23 21:51:14,109292.70,0.001
2025-05-23 21:51:17,109264.80,0.001
2025-05-23 21:51:19,109235.00,0.127
2025-05-23 21:51:21,109239.90,0.001
2025-05-23 21:51:24,109243.30,0.001
2025-05-23 21:51:26,109250.50,0.002
2025-05-23 21:51:28,109255.00,0.001
2025-05-23 21:51:31,109239.80,0.001
2025-05-23 21:51:33,109253.10,0.002
2025-05-23 21:51:35,109278.00,0.002
2025-05-23 21:51:38,109318.40,0.005
2025-05-23 21:51:40,109328.00,0.002
2025-05-23 21:51:42,109320.00,0.001
2025-05-23 21:51:45,109329.50,0.001
2025-05-23 21:51:47,109340.00,0.001
2025-05-23 21:51:49,109336.50,0.301
2025-05-23 21:51:52,109306.30,0.001
2025-05-23 21:51:54,109252.80,0.001
2025-05-23 21:51:56,109250.00,0.002
2025-05-23 21:51:59,109221.70,0.002
2025-05-23 21:52:01,109220.60,0.002
2025-05-23 21:52:03,109190.70,0.001
2025-05-23 21:52:06,109138.20,0.001
2025-05-23 21:52:08,109076.30,0.012
2025-05-23 21:52:10,109055.20,0.008
2025-05-23 21:52:13,109075.80,0.002
2025-05-23 21:52:15,109066.50,0.001
2025-05-23 21:52:17,109040.10,0.012
2025-05-23 21:52:19,109032.60,0.001
2025-05-23 21:52:22,109062.00,0.009
2025-05-23 21:52:24,109093.80,0.382
2025-05-23 21:52:26,109129.50,0.001
2025-05-23 21:52:29,109109.70,0.064
2025-05-23 21:52:31,109143.20,0.002
2025-05-23 21:52:33,109143.80,0.021
2025-05-23 21:52:36,109153.10,0.001
2025-05-23 21:52:38,109169.10,0.006
2025-05-23 21:52:40,109177.20,0.002
2025-05-23 21:52:43,109128.10,0.001
2025-05-23 21:52:45,109124.70,0.004
2025-05-23 21:52:47,109153.10,0.008
2025-05-23 21:52:50,109180.80,0.003
2025-05-23 21:52:52,109180.80,0.100
2025-05-23 21:52:54,109190.00,0.001
2025-05-23 21:52:56,109200.00,0.003
2025-05-23 21:52:59,109199.90,0.002
2025-05-23 21:53:01,109188.40,0.001
2025-05-23 21:53:03,109209.90,0.003
2025-05-23 21:53:06,109209.80,0.003
2025-05-23 21:53:08,109215.30,0.002
2025-05-23 21:53:10,109222.50,0.001
2025-05-23 21:53:13,109232.50,0.002
2025-05-23 21:53:15,109246.90,0.003
2025-05-23 21:53:17,109291.10,0.002
2025-05-23 21:53:20,109337.50,0.003
2025-05-23 21:53:22,109367.00,0.001
2025-05-23 21:53:24,109407.50,0.354
2025-05-23 21:53:27,109431.10,0.005
2025-05-23 21:53:29,109426.20,0.009
2025-05-23 21:53:31,109315.50,0.010
2025-05-23 21:53:34,109327.50,0.003
2025-05-23 21:53:36,109328.50,0.147
2025-05-23 21:53:38,109343.80,0.001
2025-05-23 21:53:40,109353.90,0.001
2025-05-23 21:53:43,109333.80,0.001
2025-05-23 21:53:45,109308.60,0.001
2025-05-23 21:53:47,109276.00,0.014
2025-05-23 21:53:50,109248.50,0.003
2025-05-23 21:53:52,109230.30,0.001
2025-05-23 21:53:54,109250.00,0.002
2025-05-23 21:53:57,109263.80,0.001
2025-05-23 21:53:59,109246.60,0.002
2025-05-23 21:54:01,109241.80,0.001
2025-05-23 21:54:04,109237.30,0.002
2025-05-23 21:54:06,109250.70,0.479
2025-05-23 21:54:08,109247.60,0.002
2025-05-23 21:54:11,109220.70,0.320
2025-05-23 21:54:13,109207.00,0.018
2025-05-23 21:54:15,109222.40,0.003
2025-05-23 21:54:17,109222.40,0.001
2025-05-23 21:54:20,109206.60,0.029
2025-05-23 21:54:22,109196.50,0.001
2025-05-23 21:54:24,109177.20,0.002
2025-05-23 21:54:27,109166.60,0.001
2025-05-23 21:54:29,109174.80,0.002
2025-05-23 21:54:31,109189.90,0.003
2025-05-23 21:54:34,109226.20,0.001
2025-05-23 21:54:36,109250.00,0.034
2025-05-23 21:54:38,109252.00,0.001
2025-05-23 21:54:41,109218.90,0.002
2025-05-23 21:54:43,109202.20,0.001
2025-05-23 21:54:45,109215.00,0.001
2025-05-23 21:54:48,109218.80,0.001
2025-05-23 21:54:50,109192.00,0.029
2025-05-23 21:54:52,109185.50,0.001
2025-05-23 21:54:55,109180.00,0.006
2025-05-23 21:54:57,109196.50,0.001
2025-05-23 21:54:59,109230.10,0.087
2025-05-23 21:55:02,109211.50,0.004
2025-05-23 21:55:04,109218.00,0.002
2025-05-23 21:55:06,109235.00,0.002
2025-05-23 21:55:09,109238.10,0.005
2025-05-23 21:55:11,109250.70,0.001
2025-05-23 21:55:13,109244.70,1.219
2025-05-23 21:55:15,109250.40,0.001
2025-05-23 21:55:18,109250.10,0.001
2025-05-23 21:55:20,109262.90,0.042
2025-05-23 21:55:22,109313.00,0.002
2025-05-23 21:55:25,109346.10,0.180
2025-05-23 21:55:27,109358.50,0.002
2025-05-23 21:55:29,109350.90,0.002
2025-05-23 21:55:32,109350.00,0.005
2025-05-23 21:55:34,109323.50,0.001
2025-05-23 21:55:36,109326.40,0.017
2025-05-23 21:55:39,109306.30,0.002
2025-05-23 21:55:41,109263.40,0.004
2025-05-23 21:55:43,109277.40,0.270
2025-05-23 21:55:46,109277.40,0.017
2025-05-23 21:55:48,109291.10,0.005
2025-05-23 21:55:50,109281.30,0.001
2025-05-23 21:55:53,109300.70,0.004
2025-05-23 21:55:55,109292.40,0.014
2025-05-23 21:55:57,109300.00,0.002
2025-05-23 21:55:59,109311.80,0.001
2025-05-23 21:56:02,109323.00,0.001
2025-05-23 21:56:04,109305.90,0.001
2025-05-23 21:56:06,109291.70,0.002
2025-05-23 21:56:09,109289.00,0.005
2025-05-23 21:56:11,109250.00,0.002
2025-05-23 21:56:13,109240.10,0.002
2025-05-23 21:56:16,109262.90,0.188
2025-05-23 21:56:18,109329.00,0.001
2025-05-23 21:56:20,109379.00,0.002
2025-05-23 21:56:23,109388.00,0.002
2025-05-23 21:56:25,109407.20,0.038
2025-05-23 21:56:27,109410.80,0.004
2025-05-23 21:56:30,109378.20,0.164
2025-05-23 21:56:32,109430.90,0.001
2025-05-23 21:56:34,109432.20,0.054
2025-05-23 21:56:36,109403.60,0.002
2025-05-23 21:56:39,109415.90,0.001
2025-05-23 21:56:41,109440.00,0.007
2025-05-23 21:56:43,109423.20,0.005
2025-05-23 21:56:46,109441.80,1.027
2025-05-23 21:56:48,109455.90,0.118
2025-05-23 21:56:50,109466.20,0.005
2025-05-23 21:56:53,109588.50,0.013
2025-05-23 21:56:55,109534.40,0.673
2025-05-23 21:56:57,109517.70,0.010
2025-05-23 21:57:00,109522.80,0.002
2025-05-23 21:57:02,109500.00,0.002
2025-05-23 21:57:04,109479.30,0.001
2025-05-23 21:57:07,109412.40,0.025
2025-05-23 21:57:09,109414.40,0.004
2025-05-23 21:57:11,109435.70,0.001
2025-05-23 21:57:14,109462.60,0.002
2025-05-23 21:57:16,109575.00,0.006
2025-05-23 21:57:18,109558.00,0.037
2025-05-23 21:57:21,109526.50,0.005
2025-05-23 21:57:23,109525.90,0.005
2025-05-23 21:57:25,109525.90,0.005
2025-05-23 21:57:28,109525.90,0.001
2025-05-23 21:57:30,109525.90,0.001
2025-05-23 21:57:32,109526.00,0.002
2025-05-23 21:57:34,109650.10,0.001
2025-05-23 21:57:37,109651.60,0.051
2025-05-23 21:57:39,109664.70,0.043
2025-05-23 21:57:41,109697.00,0.002
2025-05-23 21:57:44,109679.20,0.277
2025-05-23 21:57:46,109691.70,0.002
2025-05-23 21:57:48,109669.70,0.002
2025-05-23 21:57:51,109683.90,0.001
2025-05-23 21:57:53,109688.50,0.002
2025-05-23 21:57:55,109657.90,0.118
2025-05-23 21:57:58,109651.30,0.354
2025-05-23 21:58:00,109667.50,0.002
2025-05-23 21:58:02,109658.20,0.002
2025-05-23 21:58:05,109654.40,0.001
2025-05-23 21:58:07,109654.40,0.001
2025-05-23 21:58:09,109571.40,0.028
2025-05-23 21:58:12,109570.40,0.015
2025-05-23 21:58:14,109567.60,0.001
2025-05-23 21:58:16,109562.60,0.002
2025-05-23 21:58:19,109556.20,0.050
2025-05-23 21:58:21,109562.80,0.001
2025-05-23 21:58:23,109573.40,0.008
2025-05-23 21:58:25,109573.50,0.001
2025-05-23 21:58:28,109573.50,0.001
2025-05-23 21:58:30,109579.70,0.005
2025-05-23 21:58:32,109572.90,0.003
2025-05-23 21:58:35,109631.20,0.002
2025-05-23 21:58:37,109606.10,0.020
2025-05-23 21:58:39,109606.10,0.008
2025-05-23 21:58:42,109605.90,0.009
2025-05-23 21:58:44,109598.50,0.410
2025-05-23 21:58:46,109611.40,0.004
2025-05-23 21:58:49,109630.00,0.002
2025-05-23 21:58:51,109643.30,0.015
2025-05-23 21:58:53,109650.10,0.003
2025-05-23 21:58:56,109650.00,0.005
2025-05-23 21:58:58,109650.10,0.001
2025-05-23 21:59:00,109650.10,0.001
2025-05-23 21:59:03,109650.00,0.032
2025-05-23 21:59:05,109650.00,0.040
2025-05-23 21:59:07,109609.40,0.001
2025-05-23 21:59:10,109609.40,0.001
2025-05-23 21:59:12,109602.90,0.051
2025-05-23 21:59:14,109594.00,0.043
2025-05-23 21:59:17,109584.10,0.006
2025-05-23 22:01:44,109770.30,0.002
2025-05-23 22:01:46,109757.40,0.002
2025-05-23 22:01:49,109746.70,0.001
2025-05-23 22:01:51,109714.40,0.173
2025-05-23 22:01:53,109730.00,0.001
2025-05-23 22:01:56,109776.00,0.002
2025-05-23 22:01:58,109789.40,0.028
2025-05-28 12:11:12,108726.30,0.125
2025-05-28 12:11:18,108726.30,0.004
2025-05-28 12:11:20,108726.30,0.003
2025-05-28 12:11:22,108726.30,0.003
2025-05-28 12:11:25,108726.30,0.001
2025-05-28 12:11:27,108726.30,0.001
2025-05-28 12:11:29,108726.40,0.001
2025-05-28 12:11:31,108726.40,0.005
2025-05-28 12:11:34,108726.30,0.023
2025-05-28 12:11:36,108726.30,0.501
2025-05-28 12:11:38,108724.50,0.002
2025-05-28 12:12:12,108716.50,0.004
2025-05-28 12:12:16,108714.90,0.001
2025-05-28 12:12:18,108714.10,0.001
2025-05-28 12:12:20,108709.60,0.029
2025-05-28 12:12:22,108709.60,0.026
2025-05-28 12:12:25,108709.60,0.002
2025-05-28 12:12:27,108709.70,0.147
2025-05-28 12:12:29,108705.70,0.311
2025-05-28 12:12:31,108705.70,0.002
2025-05-28 12:12:34,108705.70,0.012
2025-05-28 12:12:36,108704.90,0.002
2025-05-28 12:12:38,108704.10,0.003
2025-05-28 12:12:40,108703.20,0.007
2025-05-28 12:12:43,108701.20,0.042
2025-05-28 12:12:45,108701.20,0.003
2025-05-28 12:12:47,108701.30,0.024
2025-05-28 12:12:49,108701.30,0.005
2025-05-28 12:12:52,108701.20,0.012
2025-05-28 12:12:54,108701.30,0.011
2025-05-28 12:12:56,108701.20,0.107
2025-05-28 12:12:58,108703.40,0.001
2025-05-28 12:13:01,108707.50,0.002
2025-05-28 12:13:28,108717.80,0.004
2025-05-28 12:13:30,108717.80,0.002
2025-05-28 12:13:33,108717.80,0.009
2025-05-28 12:13:35,108717.70,0.003
2025-05-28 12:13:37,108717.70,0.010
2025-05-28 12:23:20,108716.70,0.001
2025-05-28 12:23:22,108715.60,0.002
2025-05-28 12:23:25,108714.70,0.001
2025-05-28 12:23:27,108708.70,0.002
2025-05-28 12:23:29,108708.70,0.006
2025-05-28 12:23:31,108708.70,0.006
2025-05-28 12:23:34,108708.70,0.001
2025-05-28 12:23:36,108708.70,0.003
2025-05-28 12:23:38,108708.60,0.002
2025-05-28 12:23:41,108707.60,0.002
2025-05-28 12:23:43,108706.40,0.003
2025-05-28 12:23:45,108706.50,0.016
2025-05-28 12:23:47,108706.50,0.117
2025-05-28 12:23:50,108706.50,0.003
2025-05-28 12:23:52,108706.50,0.002
2025-05-28 12:23:54,108716.90,0.036
2025-05-28 12:23:56,108710.70,0.001
2025-05-28 12:23:59,108710.00,0.001
2025-05-28 12:24:01,108698.20,0.010
2025-05-28 12:24:03,108693.10,0.004
2025-05-28 12:24:05,108690.90,0.011
2025-05-28 12:24:08,108690.00,0.001
2025-05-28 12:24:10,108682.70,0.002
2025-05-28 12:24:12,108673.40,0.001
2025-05-28 12:24:14,108672.50,0.018
2025-05-28 12:24:17,108666.00,0.001
2025-05-28 12:24:19,108666.00,0.001
2025-05-28 12:24:21,108666.00,0.001
2025-05-28 12:24:23,108649.00,0.001
2025-05-28 12:24:26,108649.00,0.002
2025-05-28 12:24:28,108646.70,0.086
2025-05-28 12:24:30,108645.50,0.001
2025-05-28 12:24:32,108641.30,0.002
2025-05-28 12:24:35,108641.30,0.010
2025-05-28 12:24:37,108639.20,0.002
2025-05-28 12:24:39,108638.10,0.028
2025-05-28 12:24:41,108631.80,0.003
2025-05-28 12:24:44,108630.90,0.002
2025-05-28 12:24:46,108630.80,0.306
2025-05-28 12:24:48,108627.90,0.001
2025-05-28 12:24:50,108626.20,0.001
2025-05-28 12:24:53,108626.10,0.002
2025-05-28 12:24:55,108626.10,0.002
2025-05-28 12:24:57,108626.10,0.003
2025-05-28 12:24:59,108626.10,0.092
2025-05-28 12:25:02,108625.90,0.001
2025-05-28 12:25:04,108620.70,0.003
2025-05-28 12:25:06,108620.00,0.028
2025-05-28 12:25:08,108616.70,0.007
2025-05-28 12:25:11,108613.30,0.050
2025-05-28 12:25:13,108613.10,0.001
2025-05-28 12:25:15,108610.10,0.005
2025-05-28 12:25:17,108613.30,0.059
2025-05-28 12:25:20,108613.30,0.005
2025-05-28 12:25:22,108613.30,0.002
2025-05-28 12:25:24,108624.70,0.001
2025-05-28 12:25:26,108623.90,0.001
2025-05-28 12:25:29,108621.30,0.001
2025-05-28 12:25:31,108619.40,0.039
2025-05-28 12:25:33,108619.40,0.038
2025-05-28 12:25:35,108619.30,0.006
2025-05-28 12:25:38,108618.30,0.002
2025-05-28 12:25:40,108613.90,0.004
2025-05-28 12:25:42,108613.90,0.019
2025-05-28 12:25:44,108613.90,0.024
2025-05-28 12:25:47,108604.90,0.002
2025-05-28 12:25:49,108601.20,0.003
2025-05-28 12:25:51,108601.20,0.094
2025-05-28 12:25:53,108601.20,0.005
2025-05-28 12:25:56,108601.10,0.169
2025-05-28 12:25:58,108601.20,0.001
2025-05-28 12:26:00,108601.10,0.300
2025-05-28 12:26:02,108601.10,0.044
2025-05-28 12:26:05,108600.10,0.012
2025-05-28 12:26:07,108600.10,0.012
2025-05-28 12:26:09,108600.00,0.012
2025-05-28 12:26:11,108600.00,0.004
2025-05-28 12:26:14,108600.00,0.350
2025-05-28 12:26:16,108600.00,0.200
2025-05-28 12:26:18,108600.00,0.023
2025-05-28 12:26:20,108595.50,0.001
2025-05-28 12:26:22,108595.00,0.002
2025-05-28 12:26:25,108592.60,0.007
2025-05-28 12:26:27,108592.70,0.002
2025-05-28 12:26:29,108592.70,0.004
2025-05-28 12:26:31,108592.60,0.002
2025-05-28 12:26:34,108592.60,0.002
2025-05-28 12:26:36,108592.70,0.661
2025-05-28 12:26:38,108592.70,0.001
2025-05-28 12:26:40,108590.60,0.002
2025-05-28 12:26:43,108590.60,0.001
2025-05-28 12:26:45,108590.00,0.001
2025-05-28 12:26:47,108588.70,0.002
2025-05-28 12:26:49,108588.70,0.003
2025-05-28 12:26:52,108588.70,0.059
2025-05-28 12:26:54,108588.60,0.275
2025-05-28 12:26:56,108588.60,0.032
2025-05-28 12:26:58,108588.60,0.003
2025-05-28 12:27:01,108588.60,0.012
2025-05-28 12:27:03,108588.10,0.001
2025-05-28 12:27:05,108585.70,0.003
2025-05-28 12:27:07,108580.10,0.057
2025-05-28 12:27:10,108580.00,0.021
2025-05-28 12:27:12,108575.30,0.811
2025-05-28 12:27:14,108575.30,0.002
2025-05-28 12:27:16,108575.10,0.028
2025-05-28 12:27:19,108575.10,0.024
2025-05-28 12:27:21,108574.80,0.008
2025-05-28 12:27:23,108573.20,0.002
2025-05-28 12:27:25,108572.40,0.008
2025-05-28 12:27:28,108571.60,0.002
2025-05-28 12:27:30,108572.50,0.001
2025-05-28 12:27:32,108575.50,0.001
2025-05-28 12:27:34,108575.50,0.002
2025-05-28 12:27:37,108575.50,0.014
2025-05-28 12:27:39,108580.00,0.001
2025-05-28 12:27:41,108580.00,0.240
2025-05-28 12:27:43,108580.00,0.016
2025-05-28 12:27:46,108580.00,0.001
2025-05-28 12:27:48,108585.30,0.002
2025-05-28 12:27:50,108589.00,0.001
2025-05-28 12:27:52,108590.60,0.004
2025-05-28 12:27:55,108597.20,0.002
2025-05-28 12:27:57,108598.70,0.005
2025-05-28 12:27:59,108600.00,0.003
2025-05-28 12:28:01,108600.40,0.013
2025-05-28 12:28:04,108601.30,0.004
2025-05-28 12:28:06,108601.40,0.001
2025-05-28 12:28:08,108601.50,0.002
2025-05-28 12:28:10,108603.40,0.036
2025-05-28 12:28:13,108603.60,0.062
2025-05-28 12:28:15,108605.10,0.002
2025-05-28 12:28:17,108605.80,0.460
2025-05-28 12:28:19,108605.80,0.016
2025-05-28 12:28:22,108605.90,0.001
2025-05-28 12:28:24,108605.90,0.002
2025-05-28 12:28:26,108605.90,0.003
2025-05-28 12:28:28,108608.00,0.003
2025-05-28 12:28:31,108608.40,0.020
2025-05-28 12:28:33,108610.80,0.118
2025-05-28 12:28:35,108611.30,0.001
2025-05-28 12:28:37,108613.40,0.014
2025-05-28 12:28:40,108613.50,0.001
2025-05-28 12:28:42,108615.80,0.001
2025-05-28 12:28:44,108615.80,0.050
2025-05-28 12:28:46,108615.70,0.075
2025-05-28 12:28:49,108615.80,0.003
2025-05-28 12:28:51,108615.70,0.003
2025-05-28 12:28:53,108615.80,0.005
2025-05-28 12:28:55,108615.80,0.002
2025-05-28 12:28:57,108615.80,0.002
2025-05-28 12:29:00,108615.80,0.007
2025-05-28 12:29:02,108627.50,0.004
2025-05-28 12:29:04,108629.30,0.178
2025-05-28 12:29:06,108629.30,0.096
2025-05-28 12:29:09,108627.20,0.002
2025-05-28 12:29:11,108625.90,0.002
2025-05-28 12:29:13,108615.70,0.072
2025-05-28 12:29:15,108612.90,0.001
2025-05-28 12:29:18,108612.30,0.078
2025-05-28 12:29:20,108612.20,0.661
2025-05-28 12:29:22,108600.80,0.005
2025-05-28 12:29:24,108620.90,0.001
2025-05-28 12:29:27,108632.40,0.008
2025-05-28 12:29:29,108632.40,0.028
2025-05-28 12:29:31,108632.50,0.003
2025-05-28 12:29:33,108632.50,0.003
2025-05-28 12:29:36,108632.50,0.003
2025-05-28 12:29:38,108636.10,0.001
2025-05-28 12:29:40,108637.20,0.002
2025-05-28 12:29:42,108640.60,0.114
2025-05-28 12:29:45,108640.80,0.083
2025-05-28 12:29:47,108640.90,0.031
2025-05-28 12:29:49,108644.30,0.001
2025-05-28 12:29:51,108634.10,0.020
2025-05-28 12:29:54,108634.20,0.032
2025-05-28 12:29:56,108634.20,0.003
2025-05-28 12:29:58,108634.20,0.018
2025-05-28 12:30:00,108634.60,0.001
2025-05-28 12:30:03,108636.10,0.001
2025-05-28 12:30:05,108640.20,0.037
2025-05-28 12:30:07,108646.90,0.001
2025-05-28 12:30:09,108637.30,0.001
2025-05-28 12:30:12,108634.20,0.312
2025-05-28 12:30:14,108633.90,0.002
2025-05-28 12:30:16,108632.40,0.018
2025-05-28 12:30:18,108632.00,0.002
2025-05-28 12:30:21,108632.00,0.002
2025-05-28 12:30:23,108631.90,0.001
2025-05-28 12:30:25,108628.50,0.016
2025-05-28 12:30:27,108628.20,0.002
2025-05-28 12:30:30,108628.20,0.002
2025-05-28 12:30:32,108628.20,0.002
2025-05-28 12:30:34,108628.10,0.003
2025-05-28 12:30:36,108625.90,0.001
2025-05-28 12:30:38,108618.90,0.002
2025-05-28 12:30:41,108617.20,0.002
2025-05-28 12:30:43,108617.30,0.002
2025-05-28 12:30:45,108617.30,0.004
2025-05-28 12:30:47,108617.30,0.017
2025-05-28 12:30:50,108617.30,0.002
2025-05-28 12:30:52,108617.30,0.003
2025-05-28 12:30:54,108617.30,0.002
2025-05-28 12:30:56,108617.30,0.002
2025-05-28 12:30:59,108618.20,0.013
2025-05-28 12:31:01,108622.60,0.002
2025-05-28 12:31:03,108624.30,0.001
2025-05-28 12:31:05,108633.30,0.001
2025-05-28 12:31:08,108633.30,0.002
2025-05-28 12:31:10,108633.40,0.002
2025-05-28 12:31:12,108641.10,0.002
2025-05-28 12:31:14,108643.10,0.002
2025-05-28 12:31:17,108645.50,0.014
2025-05-28 12:31:19,108645.50,0.001
2025-05-28 12:31:21,108645.60,0.005
2025-05-28 12:31:23,108646.80,0.002
2025-05-28 12:31:26,108658.30,0.091
2025-05-28 12:31:28,108658.20,0.155
2025-05-28 12:31:30,108658.20,0.001
2025-05-28 12:31:32,108658.30,0.184
2025-05-28 12:31:35,108658.20,0.096
2025-05-28 12:31:37,108658.20,0.298
2025-05-28 12:31:39,108658.20,0.023
2025-05-28 12:31:41,108658.20,0.001
2025-05-28 12:31:44,108657.30,0.001
2025-05-28 12:31:46,108645.50,0.002
2025-05-28 12:31:48,108644.00,0.001
2025-05-28 12:31:50,108642.10,0.020
2025-05-28 12:31:53,108640.60,0.001
2025-05-28 12:31:55,108640.40,0.002
2025-05-28 12:31:57,108640.40,0.002
2025-05-28 12:31:59,108640.50,0.020
2025-05-28 12:32:02,108640.50,0.076
2025-05-28 12:32:04,108648.60,0.002
2025-05-28 12:32:06,108649.80,0.002
2025-05-28 12:32:08,108651.50,0.001
2025-05-28 12:32:11,108651.50,0.003
2025-05-28 12:32:13,108653.80,0.005
2025-05-28 12:32:15,108653.70,0.003
2025-05-28 12:32:17,108653.70,0.003
2025-05-28 12:32:20,108653.70,0.009
2025-05-28 12:32:22,108653.70,0.023
2025-05-28 12:32:24,108653.80,0.059
2025-05-28 12:32:26,108653.80,0.128
2025-05-28 12:32:29,108653.80,0.093
2025-05-28 12:32:31,108653.80,0.004
2025-05-28 12:32:33,108653.70,0.024
2025-05-28 12:37:44,108927.60,0.006
2025-05-28 12:37:45,108927.60,0.059
2025-05-28 12:37:45,108927.60,0.034
2025-05-28 12:37:45,108927.60,0.069
2025-05-28 12:37:45,108927.60,0.003
2025-05-28 12:37:45,108927.60,0.003
2025-05-28 12:37:45,108927.60,0.003
2025-05-28 12:37:45,108927.60,0.031
2025-05-28 12:37:45,108927.60,0.004
2025-05-28 12:37:45,108927.60,0.069
2025-05-28 12:37:45,108927.60,0.002
2025-05-28 12:37:45,108927.60,0.023
2025-05-28 12:37:45,108927.60,0.018
2025-05-28 12:37:45,108927.60,0.049
2025-05-28 12:37:45,108927.60,0.001
2025-05-28 12:37:45,108927.60,0.001
2025-05-28 12:37:45,108927.60,0.063
2025-05-28 12:37:45,108927.60,1.100
2025-05-28 12:37:45,108927.60,0.102
2025-05-28 12:37:45,108927.60,0.160
2025-05-28 12:37:45,108927.60,0.031
2025-05-28 12:37:45,108927.60,0.002
2025-05-28 12:37:45,108927.70,0.001
2025-05-28 12:37:45,108927.70,0.001
2025-05-28 12:37:45,108928.00,0.002
2025-05-28 12:37:45,108928.10,0.001
2025-05-28 12:37:45,108928.50,0.001
2025-05-28 12:37:45,108928.80,0.100
2025-05-28 12:37:45,108928.90,0.001
2025-05-28 12:37:45,108928.90,0.002
2025-05-28 12:37:45,108929.00,0.295
2025-05-28 12:37:45,108929.10,0.002
2025-05-28 12:37:45,108929.30,0.001
2025-05-28 12:37:45,108929.60,0.002
2025-05-28 12:37:45,108929.70,0.001
2025-05-28 12:37:45,108930.00,0.001
2025-05-28 12:37:45,108930.00,0.002
2025-05-28 12:37:45,108930.10,0.001
2025-05-28 12:37:45,108930.50,0.001
2025-05-28 12:37:45,108930.70,0.002
2025-05-28 12:37:45,108930.90,0.001
2025-05-28 12:37:45,108931.20,0.018
2025-05-28 12:37:45,108931.10,0.001
2025-05-28 12:37:45,108931.20,0.028
2025-05-28 12:37:45,108931.20,0.034
2025-05-28 12:37:45,108931.20,0.030
2025-05-28 12:37:45,108931.20,0.003
2025-05-28 12:37:45,108931.20,0.004
2025-05-28 12:37:45,108931.20,0.001
2025-05-28 12:37:45,108931.20,0.100
2025-05-28 12:37:45,108931.20,0.001
2025-05-28 12:37:45,108931.20,0.003
2025-05-28 12:37:45,108931.20,0.002
2025-05-28 12:37:45,108931.20,0.002
2025-05-28 12:37:45,108931.20,0.001
2025-05-28 12:37:45,108931.20,0.001
2025-05-28 12:37:45,108931.20,0.738
2025-05-28 12:37:45,108931.30,0.001
2025-05-28 12:37:45,108931.30,0.001
2025-05-28 12:37:45,108931.70,0.001
2025-05-28 12:37:45,108931.80,0.002
2025-05-28 12:37:45,108931.80,0.002
2025-05-28 12:37:45,108932.10,0.001
2025-05-28 12:37:45,108932.40,0.002
2025-05-28 12:37:45,108932.50,0.001
2025-05-28 12:37:45,108932.90,0.002
2025-05-28 12:37:45,108932.90,0.001
2025-05-28 12:37:45,108933.00,0.004
2025-05-28 12:37:45,108933.30,0.001
2025-05-28 12:37:45,108933.70,0.001
2025-05-28 12:37:45,108933.90,0.001
2025-05-28 12:37:45,108934.00,0.001
2025-05-28 12:37:45,108934.10,0.001
2025-05-28 12:37:45,108934.50,0.001
2025-05-28 12:37:45,108934.90,0.001
2025-05-28 12:37:45,108935.00,0.030
2025-05-28 12:37:45,108935.10,0.002
2025-05-28 12:37:45,108935.40,0.002
2025-05-28 12:37:45,108936.00,0.004
2025-05-28 12:37:45,108936.00,0.001
2025-05-28 12:37:45,108936.00,0.001
2025-05-28 12:37:45,108936.20,0.002
2025-05-28 12:37:45,108936.60,0.002
2025-05-28 12:37:45,108937.20,0.002
2025-05-28 12:37:45,108937.40,0.002
2025-05-28 12:37:45,108937.50,0.005
2025-05-28 12:37:45,108937.90,0.001
2025-05-28 12:37:45,108938.30,0.002
2025-05-28 12:37:45,108938.60,0.031
2025-05-28 12:37:45,108939.10,0.002
2025-05-28 12:37:45,108939.30,0.072
2025-05-28 12:37:45,108939.40,0.002
2025-05-28 12:37:45,108939.40,0.037
2025-05-28 12:37:45,108939.40,0.001
2025-05-28 12:37:45,108939.60,0.001
2025-05-28 12:37:45,108940.00,0.001
2025-05-28 12:37:45,108940.00,0.001
2025-05-28 12:37:45,108940.00,0.002
2025-05-28 12:37:45,108940.00,0.002
2025-05-28 12:37:45,108940.20,0.014
2025-05-28 12:37:45,108940.20,0.018
2025-05-28 12:37:45,108940.30,0.114
2025-05-28 12:37:45,108940.20,0.004
2025-05-28 12:37:45,108940.20,0.012
2025-05-28 12:37:45,108940.20,0.001
2025-05-28 12:37:45,108940.30,0.010
2025-05-28 12:37:45,108940.20,0.001
2025-05-28 12:37:45,108940.20,0.010
2025-05-28 12:37:45,108940.30,0.032
2025-05-28 12:37:46,108940.30,0.028
2025-05-28 12:37:46,108940.30,0.038
2025-05-28 12:37:46,108940.20,0.014
2025-05-28 12:37:46,108940.30,0.001
2025-05-28 12:37:46,108940.20,0.018
2025-05-28 12:37:46,108940.20,0.004
2025-05-28 12:37:46,108940.20,0.003
2025-05-28 12:37:46,108940.20,0.030
2025-05-28 12:37:46,108940.20,0.043
2025-05-28 12:37:46,108940.30,0.067
2025-05-28 12:37:46,108940.30,0.150
2025-05-28 12:37:46,108940.30,1.992
2025-05-28 12:37:46,108940.30,0.003
2025-05-28 12:37:46,108940.30,0.045
2025-05-28 12:37:46,108940.30,0.001
2025-05-28 12:37:46,108940.30,0.181
2025-05-28 12:37:46,108940.30,0.174
2025-05-28 12:37:46,108940.30,0.001
2025-05-28 12:37:46,108940.30,0.005
2025-05-28 12:37:46,108940.30,0.001
2025-05-28 12:37:46,108940.30,0.090
2025-05-28 12:37:46,108940.30,0.137
2025-05-28 12:37:46,108940.30,0.080
2025-05-28 12:37:46,108940.30,0.100
2025-05-28 12:37:46,108940.30,0.191
2025-05-28 12:37:46,108940.30,0.004
2025-05-28 12:37:46,108940.30,0.004
2025-05-28 12:37:46,108940.30,0.031
2025-05-28 12:37:46,108940.30,0.003
2025-05-28 12:37:46,108940.30,0.003
2025-05-28 12:37:46,108940.30,0.003
2025-05-28 12:37:46,108940.30,0.001
2025-05-28 12:37:46,108940.30,0.002
2025-05-28 12:37:46,108940.30,0.002
2025-05-28 12:37:46,108940.30,0.017
2025-05-28 12:37:46,108940.30,0.015
2025-05-28 12:37:46,108940.30,0.078
2025-05-28 12:37:46,108940.30,0.001
2025-05-28 12:37:46,108940.30,0.002
2025-05-28 12:37:46,108940.30,0.072
2025-05-28 12:37:46,108940.30,0.004
2025-05-28 12:37:46,108940.40,0.001
2025-05-28 12:37:46,108940.40,0.001
2025-05-28 12:37:46,108940.50,0.002
2025-05-28 12:37:46,108940.50,0.002
2025-05-28 12:37:46,108940.80,0.001
2025-05-28 12:37:46,108941.20,0.001
2025-05-28 12:37:46,108941.60,0.002
2025-05-28 12:37:46,108941.70,0.001
2025-05-28 12:37:46,108942.00,0.001
2025-05-28 12:37:46,108942.10,0.001
2025-05-28 12:37:46,108942.50,0.001
2025-05-28 12:37:46,108942.70,0.001
2025-05-28 12:37:46,108942.80,0.002
2025-05-28 12:37:46,108942.90,0.001
2025-05-28 12:37:47,108943.20,0.031
2025-05-28 12:37:47,108943.20,0.031
2025-05-28 12:37:47,108943.30,0.001
2025-05-28 12:37:47,108943.30,0.001
2025-05-28 12:37:47,108943.30,0.002
2025-05-28 12:37:47,108943.30,0.001
2025-05-28 12:37:47,108943.30,0.004
2025-05-28 12:37:47,108943.30,0.002
2025-05-28 12:37:47,108943.30,0.080
2025-05-28 12:37:47,108943.20,0.003
2025-05-28 12:37:47,108943.30,0.005
2025-05-28 12:37:47,108943.20,0.014
2025-05-28 12:37:47,108943.30,0.050
2025-05-28 12:37:47,108943.30,0.050
2025-05-28 12:37:47,108943.30,0.091
2025-05-28 12:37:47,108943.30,0.064
2025-05-28 12:37:48,108943.30,0.127
2025-05-28 12:37:48,108943.30,0.001
2025-05-28 12:37:48,108943.30,0.002
2025-05-28 12:37:48,108943.30,0.003
2025-05-28 12:37:48,108943.30,0.001
2025-05-28 12:37:48,108943.30,0.109
2025-05-28 12:37:48,108943.30,0.003
2025-05-28 12:37:48,108943.30,0.004
2025-05-28 12:37:48,108943.30,0.009
2025-05-28 12:37:48,108943.30,0.003
2025-05-28 12:37:48,108943.30,0.192
2025-05-28 12:37:48,108943.30,0.004
2025-05-28 12:37:48,108943.30,0.005
2025-05-28 12:37:48,108943.30,0.001
2025-05-28 12:37:48,108943.30,0.017
2025-05-28 12:37:48,108943.30,0.001
2025-05-28 12:37:48,108943.30,0.057
2025-05-28 12:37:48,108943.30,0.100
2025-05-28 12:37:48,108943.30,0.001
2025-05-28 12:37:48,108943.40,0.001
2025-05-28 12:37:48,108943.70,0.001
2025-05-28 12:37:48,108943.80,0.001
2025-05-28 12:37:48,108943.80,0.002
2025-05-28 12:37:48,108944.10,0.001
2025-05-28 12:37:48,108944.50,0.001
2025-05-28 12:37:48,108944.90,0.002
2025-05-28 12:37:48,108944.90,0.001
2025-05-28 12:37:48,108945.30,0.035
2025-05-28 12:37:48,108945.30,0.001
2025-05-28 12:37:48,108945.70,0.001
2025-05-28 12:37:48,108946.00,0.002
2025-05-28 12:37:48,108946.00,0.002
2025-05-28 12:37:48,108946.10,0.001
2025-05-28 12:37:48,108946.50,0.002
2025-05-28 12:37:48,108946.50,0.001
2025-05-28 12:37:48,108946.90,0.001
2025-05-28 12:37:48,108947.00,0.002
2025-05-28 12:37:48,108947.30,0.001
2025-05-28 12:37:48,108947.60,0.003
2025-05-28 12:37:48,108947.70,0.001
2025-05-28 12:37:48,108947.70,0.054
2025-05-28 12:37:48,108947.70,0.010
2025-05-28 12:37:48,108947.70,0.001
2025-05-28 12:37:48,108947.70,0.002
2025-05-28 12:37:48,108947.70,0.003
2025-05-28 12:37:48,108947.70,0.108
2025-05-28 12:37:48,108947.70,0.017
2025-05-28 12:37:48,108947.60,0.013
2025-05-28 12:37:48,108947.60,0.001
2025-05-28 12:37:48,108947.70,0.066
2025-05-28 12:37:48,108947.70,0.038
2025-05-28 12:37:48,108947.70,0.005
2025-05-28 12:37:48,108947.70,0.067
2025-05-28 12:37:48,108947.70,0.021
2025-05-28 12:37:48,108947.70,0.119
2025-05-28 12:37:48,108947.70,0.005
2025-05-28 12:37:48,108947.60,0.160
2025-05-28 12:37:48,108947.60,0.020
2025-05-28 12:37:48,108947.60,0.080
2025-05-28 12:37:48,108947.60,0.040
2025-05-28 12:37:49,108947.60,0.007
2025-05-28 12:37:49,108947.70,0.001
2025-05-28 12:37:49,108947.70,0.001
2025-05-28 12:37:49,108947.70,0.048
2025-05-28 12:37:49,108947.70,0.007
2025-05-28 12:37:49,108947.70,0.038
2025-05-28 12:37:49,108947.70,0.004
2025-05-28 12:37:49,108947.70,0.003
2025-05-28 12:37:49,108947.70,0.011
2025-05-28 12:37:49,108947.70,0.002
2025-05-28 12:37:49,108947.70,0.003
2025-05-28 12:37:49,108947.70,0.003
2025-05-28 12:37:49,108947.70,0.004
2025-05-28 12:37:49,108947.70,0.003
2025-05-28 12:37:49,108947.70,0.030
2025-05-28 12:37:49,108947.70,0.001
2025-05-28 12:37:49,108947.70,0.003
2025-05-28 12:37:49,108947.70,0.044
2025-05-28 12:37:49,108947.70,0.004
2025-05-28 12:37:49,108947.70,0.003
2025-05-28 12:37:49,108947.70,0.055
2025-05-28 12:37:49,108947.70,0.027
2025-05-28 12:37:49,108947.70,0.029
2025-05-28 12:42:24,108925.10,0.242
2025-05-28 12:42:24,108925.10,0.033
2025-05-28 12:42:24,108925.20,0.020
2025-05-28 12:42:25,108925.10,0.004
2025-05-28 12:42:25,108925.20,0.002
2025-05-28 12:42:25,108925.10,0.110
2025-05-28 12:42:25,108925.10,0.147
2025-05-28 12:42:25,108925.10,0.074
2025-05-28 12:42:25,108925.10,0.002
2025-05-28 12:42:26,108925.10,0.001
2025-05-28 12:42:26,108925.10,0.008
2025-05-28 12:42:26,108925.10,0.060
2025-05-28 12:42:26,108925.20,0.054
2025-05-28 12:42:27,108925.20,0.003
2025-05-28 12:42:27,108925.20,0.002
2025-05-28 12:42:27,108925.20,0.005
2025-05-28 12:42:27,108925.10,0.099
2025-05-28 12:42:27,108925.20,0.003
2025-05-28 12:42:27,108925.20,0.004
2025-05-28 12:42:27,108925.20,0.001
2025-05-28 12:42:27,108925.20,0.003
2025-05-28 12:42:27,108925.20,0.001
2025-05-28 12:42:27,108925.20,0.058
2025-05-28 12:42:27,108925.10,0.073
2025-05-28 12:42:27,108925.20,0.026
2025-05-28 12:42:27,108925.20,0.001
2025-05-28 12:42:27,108925.10,0.001
2025-05-28 12:42:28,108925.20,0.028
2025-05-28 12:42:28,108925.10,0.066
2025-05-28 12:42:28,108925.20,0.167
2025-05-28 12:42:28,108925.20,0.041
2025-05-28 12:42:28,108925.20,0.029
2025-05-28 12:42:28,108925.20,0.026
2025-05-28 12:42:29,108925.20,0.001
2025-05-28 12:42:29,108925.10,0.010
2025-05-28 12:42:29,108925.10,0.059
2025-05-28 12:42:29,108925.20,0.002
2025-05-28 12:42:29,108925.10,0.003
2025-05-28 12:42:29,108925.10,0.023
2025-05-28 12:42:29,108925.10,0.003
2025-05-28 12:42:29,108925.10,0.003
2025-05-28 12:42:29,108925.20,0.001
2025-05-28 12:42:30,108925.10,0.005
2025-05-28 12:42:30,108925.20,0.002
2025-05-28 12:42:31,108925.20,0.002
2025-05-28 12:42:31,108925.20,0.255
2025-05-28 12:42:31,108925.20,0.002
2025-05-28 12:42:31,108925.20,0.006
2025-05-28 12:42:31,108925.20,0.234
2025-05-28 12:42:31,108925.20,0.021
2025-05-28 12:42:31,108925.20,0.002
2025-05-28 12:42:31,108925.20,0.042
2025-05-28 12:42:31,108925.20,0.025
2025-05-28 12:42:31,108925.20,0.149
2025-05-28 12:42:31,108925.20,0.002
2025-05-28 12:42:31,108925.20,0.151
2025-05-28 12:42:31,108925.20,0.003
2025-05-28 12:42:31,108925.20,0.002
2025-05-28 12:42:31,108925.20,0.002
2025-05-28 12:42:31,108925.20,0.034
2025-05-28 12:42:31,108925.20,0.002
2025-05-28 12:42:31,108925.20,0.003
2025-05-28 12:42:31,108925.20,0.003
2025-05-28 12:42:31,108925.20,0.023
2025-05-28 12:42:31,108925.20,0.005
2025-05-28 12:42:31,108925.20,0.003
2025-05-28 12:42:31,108925.20,0.003
2025-05-28 12:42:31,108925.20,0.023
2025-05-28 12:42:31,108925.20,0.024
2025-05-28 12:42:31,108925.20,0.082
2025-05-28 12:42:31,108925.20,0.021
2025-05-28 12:42:31,108925.20,0.001
2025-05-28 12:42:31,108925.20,0.001
2025-05-28 12:42:31,108925.20,0.002
2025-05-28 12:42:31,108925.20,0.003
2025-05-28 12:42:31,108925.20,0.025
2025-05-28 12:42:31,108925.20,0.003
2025-05-28 12:42:31,108925.20,0.339
2025-05-28 12:42:31,108925.20,0.040
2025-05-28 12:42:31,108925.20,0.056
2025-05-28 12:42:31,108925.20,0.007
2025-05-28 12:42:31,108925.20,0.061
2025-05-28 12:42:31,108925.20,0.001
2025-05-28 12:42:31,108925.20,0.003
2025-05-28 12:42:31,108925.20,0.023
2025-05-28 12:42:31,108925.20,0.002
2025-05-28 12:42:31,108925.20,0.002
2025-05-28 12:42:31,108925.20,0.211
2025-05-28 12:42:31,108925.20,0.001
2025-05-28 12:42:31,108925.20,0.054
2025-05-28 12:42:31,108925.20,0.002
2025-05-28 12:42:31,108925.20,0.037
2025-05-28 12:42:31,108925.20,0.279
2025-05-28 12:42:31,108925.20,0.002
2025-05-28 12:42:31,108925.20,0.043
2025-05-28 12:42:31,108925.20,0.027
2025-05-28 12:42:31,108925.20,0.041
2025-05-28 12:42:31,108925.20,0.003
2025-05-28 12:42:31,108925.20,0.003
2025-05-28 12:42:31,108925.20,0.022
2025-05-28 12:42:31,108925.20,0.005
2025-05-28 12:42:31,108925.20,0.186
2025-05-28 12:42:31,108925.20,0.096
2025-05-28 12:42:31,108925.20,0.001
2025-05-28 12:42:31,108925.30,0.005
2025-05-28 12:42:31,108925.30,0.019
2025-05-28 12:42:31,108925.30,0.002
2025-05-28 12:42:31,108925.30,0.001
2025-05-28 12:42:31,108925.30,0.005
2025-05-28 12:42:31,108925.30,0.005
2025-05-28 12:42:31,108925.30,0.045
2025-05-28 12:42:31,108925.30,0.002
2025-05-28 12:42:31,108925.30,0.001
2025-05-28 12:42:31,108925.40,0.002
2025-05-28 12:42:31,108925.50,0.001
2025-05-28 12:42:31,108925.90,0.001
2025-05-28 12:42:31,108926.30,0.001
2025-05-28 12:42:31,108926.40,0.002
2025-05-28 12:42:31,108926.70,0.001
2025-05-28 12:42:31,108926.90,0.001
2025-05-28 12:42:31,108927.10,0.001
2025-05-28 12:42:31,108927.40,0.002
2025-05-28 12:42:31,108927.40,0.002
2025-05-28 12:42:31,108927.50,0.001
2025-05-28 12:42:31,108927.90,0.001
2025-05-28 12:42:31,108928.00,0.002
2025-05-28 12:42:31,108928.30,0.001
2025-05-28 12:42:31,108928.50,0.002
2025-05-28 12:42:31,108928.50,0.002
2025-05-28 12:42:31,108928.70,0.001
2025-05-28 12:42:31,108929.10,0.001
2025-05-28 12:42:31,108929.20,0.001
2025-05-28 12:42:31,108929.60,0.002
2025-05-28 12:42:31,108929.60,0.001
2025-05-28 12:42:31,108929.70,0.001
2025-05-28 12:42:31,108929.70,0.075
2025-05-28 12:42:31,108930.00,0.001
2025-05-28 12:42:31,108930.00,0.002
2025-05-28 12:42:31,108930.00,0.001
2025-05-28 12:42:31,108930.00,0.018
2025-05-28 12:42:31,108930.10,0.005
2025-05-28 12:42:31,108930.10,0.027
2025-05-28 12:42:31,108930.60,0.015
2025-05-28 12:42:31,108930.70,0.002
2025-05-28 12:42:31,108930.70,0.002
2025-05-28 12:42:31,108931.00,0.002
2025-05-28 12:42:31,108931.30,0.001
2025-05-28 12:42:31,108931.50,0.002
2025-05-28 12:42:31,108931.70,0.002
2025-05-28 12:42:31,108931.80,0.002
2025-05-28 12:42:31,108931.80,0.002
2025-05-28 12:42:31,108931.80,0.001
2025-05-28 12:42:31,108931.80,0.023
2025-05-28 12:42:31,108931.80,0.003
2025-05-28 12:42:31,108931.80,0.009
2025-05-28 12:42:33,108931.90,0.013
2025-05-28 12:42:33,108931.90,0.028
2025-05-28 12:42:33,108931.90,0.002
2025-05-28 12:42:33,108931.90,0.120
2025-05-28 12:42:33,108931.80,0.045
2025-05-28 12:42:33,108931.90,0.001
2025-05-28 12:42:33,108931.80,0.022
2025-05-28 12:42:34,108931.90,0.031
2025-05-28 12:42:34,108931.90,0.001
2025-05-28 12:42:34,108931.90,0.099
2025-05-28 12:42:34,108931.90,0.001
2025-05-28 12:42:34,108931.90,0.003
2025-05-28 12:42:34,108931.90,0.002
2025-05-28 12:42:34,108931.90,0.003
2025-05-28 12:42:34,108931.90,0.039
2025-05-28 12:42:34,108931.90,0.013
2025-05-28 12:42:34,108931.90,0.002
2025-05-28 12:42:34,108931.90,0.001
2025-05-28 12:42:34,108931.90,0.002
2025-05-28 12:42:34,108931.90,0.003
2025-05-28 12:42:34,108931.90,0.003
2025-05-28 12:42:34,108931.90,0.025
2025-05-28 12:42:34,108931.90,0.001
2025-05-28 12:42:34,108931.90,0.010
2025-05-28 12:42:35,108931.90,0.005
2025-05-28 12:42:35,108931.90,0.090
2025-05-28 12:42:36,108931.80,0.015
2025-05-28 12:42:36,108931.90,0.078
2025-05-28 12:42:37,108931.90,0.774
2025-05-28 12:42:37,108931.90,0.010
2025-05-28 12:42:37,108931.90,0.001
2025-05-28 12:42:37,108931.80,0.036
2025-05-28 12:42:37,108931.80,0.017
2025-05-28 12:42:37,108931.90,0.003
2025-05-28 12:42:37,108931.80,0.396
2025-05-28 12:42:37,108931.80,0.566
2025-05-28 12:42:37,108931.80,0.566
2025-05-28 12:42:37,108931.80,0.566
2025-05-28 12:42:37,108931.80,0.458
2025-05-28 12:42:37,108931.80,0.834
2025-05-28 12:42:37,108931.80,0.054
2025-05-28 12:42:37,108931.90,0.045
2025-05-28 12:42:37,108931.90,0.183
2025-05-28 12:42:38,108931.80,0.001
2025-05-28 12:42:38,108931.80,0.010
2025-05-28 12:42:38,108931.80,0.001
2025-05-28 12:42:38,108931.80,0.002
2025-05-28 12:42:38,108931.80,0.003
2025-05-28 12:42:38,108931.80,0.128
2025-05-28 12:42:38,108931.80,0.005
2025-05-28 12:42:38,108931.80,0.002
2025-05-28 12:42:38,108931.80,0.004
2025-05-28 12:42:38,108931.80,0.001
2025-05-28 12:42:38,108931.80,0.001
2025-05-28 12:42:38,108931.80,0.010
2025-05-28 12:42:38,108931.80,0.001
2025-05-28 12:42:38,108931.80,0.004
2025-05-28 12:42:38,108931.80,0.045
2025-05-28 12:42:38,108931.80,0.014
2025-05-28 12:42:38,108931.80,0.234
2025-05-28 12:42:38,108931.80,0.004
2025-05-28 12:42:38,108931.80,0.029
2025-05-28 12:42:38,108931.80,0.011
2025-05-28 12:42:38,108931.80,0.030
2025-05-28 12:42:38,108931.80,0.011
2025-05-28 12:42:38,108931.80,0.214
2025-05-28 12:42:38,108931.80,0.134
2025-05-28 12:42:38,108931.80,0.301
2025-05-28 12:42:38,108931.80,0.064
2025-05-28 12:42:38,108931.80,0.002
2025-05-28 12:42:38,108931.80,0.004
2025-05-28 12:42:38,108931.80,0.002
2025-05-28 12:42:38,108931.80,0.003
2025-05-28 12:42:38,108931.80,0.001
2025-05-28 12:42:38,108931.80,0.882
2025-05-28 12:42:38,108931.80,0.094
2025-05-28 12:42:38,108931.90,0.018
2025-05-28 12:42:39,108931.90,0.009
2025-05-28 12:42:39,108931.80,0.001
2025-05-28 12:42:39,108931.90,0.062
2025-05-28 12:42:39,108931.90,0.003
2025-05-28 12:42:39,108931.90,0.002
2025-05-28 12:42:39,108931.90,0.010
2025-05-28 12:42:40,108931.90,0.229
2025-05-28 12:42:40,108931.90,0.001
2025-05-28 12:42:41,108931.90,0.003
2025-05-28 12:42:41,108931.80,0.001
2025-05-28 12:42:41,108931.80,0.003
2025-05-28 12:42:41,108931.80,0.001
2025-05-28 12:42:41,108931.80,0.001
2025-05-28 12:42:41,108931.80,0.010
2025-05-28 12:42:41,108931.80,0.004
2025-05-28 12:42:41,108931.80,0.002
2025-05-28 12:42:41,108931.80,0.001
2025-05-28 12:42:41,108931.70,0.001
2025-05-28 12:42:41,108931.70,0.001
2025-05-28 12:42:41,108931.70,0.002
2025-05-28 12:42:41,108931.60,0.008
2025-05-28 12:42:41,108931.60,0.002
2025-05-28 12:42:41,108931.50,0.001
2025-05-28 12:42:41,108931.30,0.001
2025-05-28 12:42:41,108931.30,0.003
2025-05-28 12:42:41,108930.90,0.001
2025-05-28 12:42:41,108930.90,0.001
2025-05-28 12:42:42,108930.90,0.001
2025-05-28 12:42:42,108930.80,0.001
2025-05-28 12:42:43,108930.90,0.028
2025-05-28 12:42:43,108930.80,0.030
2025-05-28 12:42:43,108930.80,0.001
2025-05-28 12:42:43,108930.80,0.001
2025-05-28 12:42:43,108930.80,0.004
2025-05-28 12:42:43,108930.80,0.002
2025-05-28 12:42:43,108930.80,0.003
2025-05-28 12:42:43,108930.80,0.005
2025-05-28 12:42:44,108930.90,0.017
2025-05-28 12:42:44,108930.80,0.002
2025-05-28 12:42:44,108930.90,0.027
2025-05-28 12:42:45,108930.80,0.038
2025-05-28 12:42:45,108930.80,0.054
2025-05-28 12:42:45,108930.80,0.081
2025-05-28 12:42:45,108930.80,0.467
2025-05-28 12:42:45,108930.80,0.003
2025-05-28 12:42:45,108930.80,0.002
2025-05-28 12:42:45,108930.80,0.025
2025-05-28 12:42:45,108930.80,0.002
2025-05-28 12:42:45,108930.80,0.002
2025-05-28 12:42:47,108930.90,0.384
2025-05-28 12:42:47,108930.80,0.002
2025-05-28 12:42:47,108930.80,0.003
2025-05-28 12:42:47,108930.80,0.010
2025-05-28 12:42:47,108930.80,0.005
2025-05-28 12:42:47,108930.80,0.003
2025-05-28 12:42:47,108930.80,0.002
2025-05-28 12:42:47,108930.80,0.004
2025-05-28 12:42:47,108930.80,0.003
2025-05-28 12:42:48,108930.80,0.019
2025-05-28 12:42:48,108930.80,0.002
2025-05-28 12:42:48,108930.80,0.208
2025-05-28 12:42:48,108930.90,0.001
2025-05-28 12:42:48,108930.90,0.009
2025-05-28 12:42:48,108930.90,0.037
2025-05-28 12:42:48,108930.90,0.152
2025-05-28 12:42:48,108930.90,0.001
2025-05-28 12:42:49,108930.90,0.008
2025-05-28 12:42:49,108930.80,0.028
2025-05-28 12:42:49,108930.90,0.001
2025-05-28 12:42:49,108930.80,0.003
2025-05-28 12:42:49,108930.80,0.003
2025-05-28 12:42:49,108930.80,0.023
2025-05-28 12:42:49,108930.90,0.001
2025-05-28 12:42:50,108930.80,0.036
2025-05-28 12:42:50,108930.90,0.313
2025-05-28 12:42:50,108930.90,0.011
2025-05-28 12:42:50,108930.90,0.001
2025-05-28 12:42:51,108930.90,0.015
2025-05-28 12:42:51,108930.90,0.073
2025-05-28 12:42:51,108930.80,0.030
2025-05-28 12:42:51,108930.80,0.017
2025-05-28 12:42:51,108930.80,0.002
2025-05-28 12:42:51,108930.80,0.003
2025-05-28 12:42:51,108930.80,0.011
2025-05-28 12:42:51,108930.80,0.002
2025-05-28 12:42:51,108930.80,0.012
2025-05-28 12:42:51,108930.80,0.002
2025-05-28 12:42:51,108930.90,0.015
2025-05-28 12:42:51,108930.90,0.017
2025-05-28 12:42:52,108930.90,0.005
2025-05-28 12:42:52,108930.90,0.003
2025-05-28 12:42:52,108930.90,0.006
2025-05-28 12:42:52,108930.90,0.384
2025-05-28 12:42:52,108930.90,0.503
2025-05-28 12:42:52,108930.90,0.008
2025-05-28 12:42:52,108930.90,0.068
2025-05-28 12:42:52,108930.90,0.740
2025-05-28 12:42:53,108930.90,0.090
2025-05-28 12:42:53,108930.80,0.023
2025-05-28 12:42:53,108930.80,0.003
2025-05-28 12:42:53,108930.80,0.003
2025-05-28 12:42:53,108930.80,0.051
2025-05-28 12:42:54,108930.90,0.001
2025-05-28 12:42:54,108930.80,0.049
2025-05-28 12:42:55,108930.90,0.005
2025-05-28 12:42:55,108930.80,0.001
2025-05-28 12:42:55,108930.80,0.003
2025-05-28 12:42:55,108930.80,0.003
2025-05-28 12:42:55,108930.80,0.025
2025-05-28 12:42:55,108930.80,0.039
2025-05-28 12:42:55,108930.80,0.002
2025-05-28 12:42:56,108930.80,0.003
2025-05-28 12:42:56,108930.80,0.002
2025-05-28 12:42:56,108930.80,0.002
2025-05-28 12:42:56,108930.80,0.031
2025-05-28 12:42:56,108930.80,0.002
2025-05-28 12:42:56,108930.80,0.001
2025-05-28 12:42:56,108930.70,0.001
2025-05-28 12:42:56,108930.70,0.022
2025-05-28 12:42:56,108930.70,0.003
2025-05-28 12:42:56,108930.60,0.001
2025-05-28 12:42:56,108930.60,0.002
2025-05-28 12:42:56,108930.50,0.001
2025-05-28 12:42:56,108930.10,0.001
2025-05-28 12:42:56,108930.00,0.001
2025-05-28 12:42:56,108929.90,0.010
2025-05-28 12:42:56,108930.00,0.001
2025-05-28 12:42:57,108930.00,0.002
2025-05-28 12:42:57,108930.00,0.346
2025-05-28 12:42:57,108930.00,0.050
2025-05-28 12:42:57,108929.90,0.003
2025-05-28 12:42:57,108929.90,0.020
2025-05-28 12:42:57,108929.90,0.003
2025-05-28 12:42:57,108929.90,0.002
2025-05-28 12:42:57,108929.90,0.002
2025-05-28 12:42:57,108929.90,0.005
2025-05-28 12:42:58,108930.00,0.002
2025-05-28 12:42:58,108930.00,0.028
2025-05-28 12:42:58,108930.00,0.002
2025-05-28 12:42:59,108930.00,0.044
2025-05-28 12:42:59,108930.00,0.472
2025-05-28 12:42:59,108930.00,0.472
2025-05-28 12:42:59,108930.00,0.012
2025-05-28 12:42:59,108929.90,0.022
2025-05-28 12:42:59,108929.90,0.003
2025-05-28 12:42:59,108929.90,0.003
2025-05-28 12:42:59,108929.90,0.024
2025-05-28 12:42:59,108929.90,0.003
2025-05-28 12:42:59,108929.90,0.004
2025-05-28 12:43:00,108930.00,0.012
2025-05-28 12:43:00,108929.90,0.059
2025-05-28 12:43:00,108929.90,0.099
2025-05-28 12:43:00,108929.90,0.001
2025-05-28 12:43:00,108929.90,0.002
2025-05-28 12:43:00,108929.90,0.027
2025-05-28 12:43:00,108929.90,0.001
2025-05-28 12:43:00,108929.80,0.001
2025-05-28 12:43:00,108929.70,0.001
2025-05-28 12:43:00,108929.70,0.001
2025-05-28 12:43:00,108929.70,0.002
2025-05-28 12:43:00,108929.70,0.001
2025-05-28 12:43:00,108929.70,0.002
2025-05-28 12:43:00,108929.70,0.002
2025-05-28 12:43:00,108929.70,0.001
2025-05-28 12:43:00,108929.30,0.001
2025-05-28 12:43:00,108928.90,0.001
2025-05-28 12:43:00,108928.50,0.001
2025-05-28 12:43:00,108928.10,0.001
2025-05-28 12:43:00,108928.10,0.019
2025-05-28 12:43:00,108927.70,0.001
2025-05-28 12:43:01,108927.70,0.015
2025-05-28 12:43:01,108927.70,0.137
2025-05-28 12:43:01,108927.60,0.005
2025-05-28 12:43:01,108927.60,0.003
2025-05-28 12:43:01,108927.60,0.003
2025-05-28 12:43:01,108927.60,0.025
2025-05-28 12:43:01,108927.60,0.018
2025-05-28 12:43:02,108927.70,0.009
2025-05-28 12:43:02,108927.70,0.001
2025-05-28 12:43:02,108927.70,0.001
2025-05-28 12:43:03,108927.60,0.009
2025-05-28 12:43:03,108927.70,0.001
2025-05-28 12:43:03,108927.70,0.098
2025-05-28 12:43:03,108927.60,0.085
2025-05-28 12:43:03,108927.60,0.042
2025-05-28 12:43:03,108927.60,0.027
2025-05-28 12:43:03,108927.60,0.003
2025-05-28 12:43:03,108927.60,0.002
2025-05-28 12:43:03,108927.60,0.023
2025-05-28 12:43:03,108927.60,0.001
2025-05-28 12:43:03,108927.60,0.001
2025-05-28 12:43:03,108927.60,0.002
2025-05-28 12:43:03,108927.60,0.001
2025-05-28 12:43:04,108927.60,0.001
2025-05-28 12:43:04,108927.60,0.017
2025-05-28 12:43:04,108927.70,0.100
2025-05-28 12:43:05,108927.70,0.001
2025-05-28 12:43:05,108927.60,0.010
2025-05-28 12:43:05,108927.60,0.001
2025-05-28 12:43:05,108927.60,0.004
2025-05-28 12:43:05,108927.60,0.003
2025-05-28 12:43:05,108927.60,0.003
2025-05-28 12:43:05,108927.60,0.024
2025-05-28 12:43:05,108927.60,0.003
2025-05-28 12:43:06,108927.70,0.002
2025-05-28 12:43:06,108927.70,0.201
2025-05-28 12:43:07,108927.60,1.052
2025-05-28 12:43:07,108927.60,0.047
2025-05-28 12:43:07,108927.70,0.002
2025-05-28 12:43:07,108927.60,0.024
2025-05-28 12:43:07,108927.60,0.003
2025-05-28 12:43:07,108927.60,0.003
2025-05-28 12:43:07,108927.70,0.002
2025-05-28 12:43:07,108927.70,0.139
2025-05-28 12:43:08,108927.70,0.001
2025-05-28 12:43:08,108927.60,0.020
2025-05-28 12:43:08,108927.70,0.001
2025-05-28 12:43:08,108927.70,0.005
2025-05-28 12:43:08,108927.70,0.001
